
    <marc:record>
        <marc:leader>01961cam a2200409Mi 4500</marc:leader>
        <marc:controlfield tag="001">9915432979407426</marc:controlfield>
        <marc:controlfield tag="005">20221101190709.0</marc:controlfield>
        <marc:controlfield tag="008">920620s1876 ilua 001 0 eng d</marc:controlfield>
        <marc:datafield tag="016" ind1="7" ind2=" ">
            <marc:subfield code="a">CAT10506584</marc:subfield>
            <marc:subfield code="2">DNAL</marc:subfield>
        </marc:datafield>
        <marc:datafield tag="019" ind1=" " ind2=" ">
            <marc:subfield code="a">6413669</marc:subfield>
        </marc:datafield>
        <marc:datafield tag="035" ind1=" " ind2=" ">
            <marc:subfield code="a">399192</marc:subfield>
        </marc:datafield>
        <marc:datafield tag="035" ind1=" " ind2=" ">
            <marc:subfield code="a">(OCoLC)1049506915</marc:subfield>
            <marc:subfield code="z">(OCoLC)6413669</marc:subfield>
        </marc:datafield>
        <marc:datafield tag="035" ind1=" " ind2=" ">
            <marc:subfield code="a">(DNAL)399192-naldb-Voyager</marc:subfield>
        </marc:datafield>
        <marc:datafield tag="035" ind1=" " ind2=" ">
            <marc:subfield code="z">(OCoLC)6413669</marc:subfield>
        </marc:datafield>
        <marc:datafield tag="040" ind1=" " ind2=" ">
            <marc:subfield code="a">PAU</marc:subfield>
            <marc:subfield code="b">eng</marc:subfield>
            <marc:subfield code="c">PAU</marc:subfield>
            <marc:subfield code="d">OCLCO</marc:subfield>
            <marc:subfield code="d">TXA</marc:subfield>
            <marc:subfield code="d">AGL</marc:subfield>
            <marc:subfield code="d">OCLCF</marc:subfield>
            <marc:subfield code="d">TUFTV</marc:subfield>
            <marc:subfield code="d">OCLCQ</marc:subfield>
            <marc:subfield code="d">OCL</marc:subfield>
            <marc:subfield code="d">OCLCQ</marc:subfield>
        </marc:datafield>
        <marc:datafield tag="049" ind1=" " ind2=" ">
            <marc:subfield code="a">RQIA</marc:subfield>
        </marc:datafield>
        <marc:datafield tag="070" ind1="0" ind2=" ">
            <marc:subfield code="a">42</marc:subfield>
            <marc:subfield code="b">C67</marc:subfield>
        </marc:datafield>
        <marc:datafield tag="072" ind1=" " ind2=" ">
            <marc:subfield code="a">L100</marc:subfield>
        </marc:datafield>
        <marc:datafield tag="100" ind1="1" ind2=" ">
            <marc:subfield code="a">Coleman, Joseph Brine.</marc:subfield>
        </marc:datafield>
        <marc:datafield tag="245" ind1="1" ind2="0">
            <marc:subfield code="a">Pathological horse-shoeing :</marc:subfield>
            <marc:subfield code="b">a theory and practice of the shoeing of horses : by which every
                disease affecting the foot of the horse may be absolutely cured or ameliorated, and
                defective action of the limbs effectively corrected ... : embracing also an outline
                of the anatomy and physiology of the foot of the horse and a copious glossary,
                formulary and index /</marc:subfield>
            <marc:subfield code="c">by Joseph Brine Coleman.</marc:subfield>
        </marc:datafield>
        <marc:datafield tag="260" ind1=" " ind2=" ">
            <marc:subfield code="a">Chicago :</marc:subfield>
            <marc:subfield code="b">Published by the author at the Office of Henry Fish &amp;
                Co.,</marc:subfield>
            <marc:subfield code="c">1876.</marc:subfield>
        </marc:datafield>
        <marc:datafield tag="300" ind1=" " ind2=" ">
            <marc:subfield code="a">185, [5] pages :</marc:subfield>
            <marc:subfield code="b">illustrations ;</marc:subfield>
            <marc:subfield code="c">20 cm</marc:subfield>
        </marc:datafield>
        <marc:datafield tag="336" ind1=" " ind2=" ">
            <marc:subfield code="a">text</marc:subfield>
            <marc:subfield code="b">txt</marc:subfield>
            <marc:subfield code="2">rdacontent</marc:subfield>
        </marc:datafield>
        <marc:datafield tag="337" ind1=" " ind2=" ">
            <marc:subfield code="a">unmediated</marc:subfield>
            <marc:subfield code="b">n</marc:subfield>
            <marc:subfield code="2">rdamedia</marc:subfield>
        </marc:datafield>
        <marc:datafield tag="338" ind1=" " ind2=" ">
            <marc:subfield code="a">volume</marc:subfield>
            <marc:subfield code="b">nc</marc:subfield>
            <marc:subfield code="2">rdacarrier</marc:subfield>
        </marc:datafield>
        <marc:datafield tag="510" ind1="4" ind2=" ">
            <marc:subfield code="a">Fox, C.G. The Fairman Rogers Coll. on the horse and
                equitation,</marc:subfield>
            <marc:subfield code="c">172</marc:subfield>
        </marc:datafield>
        <marc:datafield tag="591" ind1=" " ind2=" ">
            <marc:subfield code="b">NAL Reclamation</marc:subfield>
        </marc:datafield>
        <marc:datafield tag="650" ind1=" " ind2="0">
            <marc:subfield code="a">Horseshoeing.</marc:subfield>
            <marc:subfield code="0"
                >http://id.loc.gov/authorities/subjects/sh85062187</marc:subfield>
        </marc:datafield>
        <marc:datafield tag="650" ind1=" " ind2="0">
            <marc:subfield code="a">Horses</marc:subfield>
            <marc:subfield code="x">Diseases.</marc:subfield>
            <marc:subfield code="0"
                >http://id.loc.gov/authorities/subjects/sh85062163</marc:subfield>
        </marc:datafield>
        <marc:datafield tag="650" ind1=" " ind2="0">
            <marc:subfield code="a">Horses</marc:subfield>
            <marc:subfield code="x">Anatomy.</marc:subfield>
            <marc:subfield code="0"
                >http://id.loc.gov/authorities/subjects/sh85062162</marc:subfield>
        </marc:datafield>
        <marc:datafield tag="650" ind1=" " ind2="0">
            <marc:subfield code="a">Hoofs.</marc:subfield>
            <marc:subfield code="0"
                >http://id.loc.gov/authorities/subjects/sh85061898</marc:subfield>
        </marc:datafield>
        <marc:datafield tag="655" ind1=" " ind2="7">
            <marc:subfield code="a">Advertisements</marc:subfield>
            <marc:subfield code="z">Illinois</marc:subfield>
            <marc:subfield code="z">Chicago</marc:subfield>
            <marc:subfield code="y">19th century.</marc:subfield>
            <marc:subfield code="2">rbgenr</marc:subfield>
        </marc:datafield>
        <marc:datafield tag="776" ind1="0" ind2="8">
            <marc:subfield code="i">Online version:</marc:subfield>
            <marc:subfield code="a">Coleman, Joseph Brine.</marc:subfield>
            <marc:subfield code="t">Pathological horse-shoeing.</marc:subfield>
            <marc:subfield code="d">Chicago, H. Fish, 1876</marc:subfield>
            <marc:subfield code="w">(OCoLC)920372405</marc:subfield>
        </marc:datafield>
        <marc:datafield tag="912" ind1=" " ind2=" ">
            <marc:subfield code="a">nalcatalog</marc:subfield>
        </marc:datafield>
        <marc:datafield tag="930" ind1=" " ind2=" ">
            <marc:subfield code="a">00000000</marc:subfield>
            <marc:subfield code="b">00000000</marc:subfield>
            <marc:subfield code="c">00000000</marc:subfield>
        </marc:datafield>
        <marc:datafield tag="946" ind1=" " ind2=" ">
            <marc:subfield code="a">Other US</marc:subfield>
        </marc:datafield>
        <marc:datafield tag="994" ind1=" " ind2=" ">
            <marc:subfield code="a">92</marc:subfield>
            <marc:subfield code="b">AGL</marc:subfield>
        </marc:datafield>
    </marc:record>