
    <marc:record>
        <marc:leader>05066cam a2200685 a 4500</marc:leader>
        <marc:controlfield tag="001">9915443896407426</marc:controlfield>
        <marc:controlfield tag="005">20221101230553.0</marc:controlfield>
        <marc:controlfield tag="008">070706s2007 kyua b 001 0deng </marc:controlfield>
        <marc:datafield tag="010" ind1=" " ind2=" ">
            <marc:subfield code="a"> 2007005962</marc:subfield>
        </marc:datafield>
        <marc:datafield tag="016" ind1="7" ind2=" ">
            <marc:subfield code="a">CAT31021104</marc:subfield>
            <marc:subfield code="2">DNAL</marc:subfield>
        </marc:datafield>
        <marc:datafield tag="019" ind1=" " ind2=" ">
            <marc:subfield code="a">1022631769</marc:subfield>
        </marc:datafield>
        <marc:datafield tag="020" ind1=" " ind2=" ">
            <marc:subfield code="a">9780813124421</marc:subfield>
            <marc:subfield code="q">(hardback, alk. paper)</marc:subfield>
        </marc:datafield>
        <marc:datafield tag="020" ind1=" " ind2=" ">
            <marc:subfield code="a">0813124425</marc:subfield>
            <marc:subfield code="q">(hardback, alk. paper)</marc:subfield>
        </marc:datafield>
        <marc:datafield tag="020" ind1=" " ind2=" ">
            <marc:subfield code="a">9780813192574</marc:subfield>
            <marc:subfield code="q">(paperback)</marc:subfield>
        </marc:datafield>
        <marc:datafield tag="020" ind1=" " ind2=" ">
            <marc:subfield code="a">0813192579</marc:subfield>
            <marc:subfield code="q">(paperback)</marc:subfield>
        </marc:datafield>
        <marc:datafield tag="020" ind1=" " ind2=" ">
            <marc:subfield code="z">9780813172538</marc:subfield>
            <marc:subfield code="q">(electronic bk.)</marc:subfield>
        </marc:datafield>
        <marc:datafield tag="020" ind1=" " ind2=" ">
            <marc:subfield code="z">0813172535</marc:subfield>
            <marc:subfield code="q">(electronic bk.)</marc:subfield>
        </marc:datafield>
        <marc:datafield tag="020" ind1=" " ind2=" ">
            <marc:subfield code="z">9780813137650</marc:subfield>
            <marc:subfield code="q">(electronic bk.)</marc:subfield>
        </marc:datafield>
        <marc:datafield tag="020" ind1=" " ind2=" ">
            <marc:subfield code="z">0813137659</marc:subfield>
            <marc:subfield code="q">(electronic bk.)</marc:subfield>
        </marc:datafield>
        <marc:datafield tag="024" ind1="8" ind2=" ">
            <marc:subfield code="a">99817228663</marc:subfield>
        </marc:datafield>
        <marc:datafield tag="035" ind1=" " ind2=" ">
            <marc:subfield code="a">1021104</marc:subfield>
        </marc:datafield>
        <marc:datafield tag="035" ind1=" " ind2=" ">
            <marc:subfield code="a">(OCoLC)85162009</marc:subfield>
            <marc:subfield code="z">(OCoLC)1022631769</marc:subfield>
        </marc:datafield>
        <marc:datafield tag="035" ind1=" " ind2=" ">
            <marc:subfield code="a">(DNAL)1021104-naldb-Voyager</marc:subfield>
        </marc:datafield>
        <marc:datafield tag="035" ind1=" " ind2=" ">
            <marc:subfield code="z">(OCoLC)1022631769</marc:subfield>
        </marc:datafield>
        <marc:datafield tag="040" ind1=" " ind2=" ">
            <marc:subfield code="a">DLC</marc:subfield>
            <marc:subfield code="b">eng</marc:subfield>
            <marc:subfield code="c">DLC</marc:subfield>
            <marc:subfield code="d">BAKER</marc:subfield>
            <marc:subfield code="d">BTCTA</marc:subfield>
            <marc:subfield code="d">C#P</marc:subfield>
            <marc:subfield code="d">YDXCP</marc:subfield>
            <marc:subfield code="d">TLE</marc:subfield>
            <marc:subfield code="d">IXA</marc:subfield>
            <marc:subfield code="d">IBS</marc:subfield>
            <marc:subfield code="d">OCLCG</marc:subfield>
            <marc:subfield code="d">TSU</marc:subfield>
            <marc:subfield code="d">SMP</marc:subfield>
            <marc:subfield code="d">NIALS</marc:subfield>
            <marc:subfield code="d">CQU</marc:subfield>
            <marc:subfield code="d">GEBAY</marc:subfield>
            <marc:subfield code="d">OCLCQ</marc:subfield>
            <marc:subfield code="d">BDX</marc:subfield>
            <marc:subfield code="d">KP9</marc:subfield>
            <marc:subfield code="d">KMS</marc:subfield>
            <marc:subfield code="d">OCLCF</marc:subfield>
            <marc:subfield code="d">OCLCQ</marc:subfield>
            <marc:subfield code="d">OCLCA</marc:subfield>
            <marc:subfield code="d">WLU</marc:subfield>
            <marc:subfield code="d">KJ6</marc:subfield>
            <marc:subfield code="d">KG7</marc:subfield>
            <marc:subfield code="d">KI2</marc:subfield>
            <marc:subfield code="d">INA</marc:subfield>
            <marc:subfield code="d">OCLCO</marc:subfield>
            <marc:subfield code="d">AGL</marc:subfield>
        </marc:datafield>
        <marc:datafield tag="049" ind1=" " ind2=" ">
            <marc:subfield code="a">AGLL</marc:subfield>
        </marc:datafield>
        <marc:datafield tag="050" ind1="0" ind2="0">
            <marc:subfield code="a">PS3552.E75</marc:subfield>
            <marc:subfield code="b">Z96 2007</marc:subfield>
        </marc:datafield>
        <marc:datafield tag="070" ind1="0" ind2=" ">
            <marc:subfield code="a">PS3552.E75</marc:subfield>
            <marc:subfield code="b">Z96 2007</marc:subfield>
        </marc:datafield>
        <marc:datafield tag="245" ind1="0" ind2="0">
            <marc:subfield code="a">Wendell Berry :</marc:subfield>
            <marc:subfield code="b">life and work /</marc:subfield>
            <marc:subfield code="c">edited by Jason Peters.</marc:subfield>
        </marc:datafield>
        <marc:datafield tag="260" ind1=" " ind2=" ">
            <marc:subfield code="a">Lexington :</marc:subfield>
            <marc:subfield code="b">University Press of Kentucky,</marc:subfield>
            <marc:subfield code="c">©2007.</marc:subfield>
        </marc:datafield>
        <marc:datafield tag="300" ind1=" " ind2=" ">
            <marc:subfield code="a">xii, 349 pages :</marc:subfield>
            <marc:subfield code="b">illustrations ;</marc:subfield>
            <marc:subfield code="c">25 cm.</marc:subfield>
        </marc:datafield>
        <marc:datafield tag="336" ind1=" " ind2=" ">
            <marc:subfield code="a">text</marc:subfield>
            <marc:subfield code="b">txt</marc:subfield>
            <marc:subfield code="2">rdacontent</marc:subfield>
        </marc:datafield>
        <marc:datafield tag="337" ind1=" " ind2=" ">
            <marc:subfield code="a">unmediated</marc:subfield>
            <marc:subfield code="b">n</marc:subfield>
            <marc:subfield code="2">rdamedia</marc:subfield>
        </marc:datafield>
        <marc:datafield tag="338" ind1=" " ind2=" ">
            <marc:subfield code="a">volume</marc:subfield>
            <marc:subfield code="b">nc</marc:subfield>
            <marc:subfield code="2">rdacarrier</marc:subfield>
        </marc:datafield>
        <marc:datafield tag="490" ind1="1" ind2=" ">
            <marc:subfield code="a">Culture of the land: a series in the new
                agrarianism</marc:subfield>
        </marc:datafield>
        <marc:datafield tag="504" ind1=" " ind2=" ">
            <marc:subfield code="a">Includes bibliographical references (pages 329-334) and
                index.</marc:subfield>
        </marc:datafield>
        <marc:datafield tag="505" ind1="0" ind2="0">
            <marc:subfield code="t">Ain't they the berries! /</marc:subfield>
            <marc:subfield code="r">Ed McClanahan --</marc:subfield>
            <marc:subfield code="t">Wendell Berry on war and peace ; or, Port William versus the
                empire /</marc:subfield>
            <marc:subfield code="r">Bill Kauffman --</marc:subfield>
            <marc:subfield code="t">Words addressed to our condition exactly /</marc:subfield>
            <marc:subfield code="r">Scott Russell Sanders --</marc:subfield>
            <marc:subfield code="t">The best noise in the world /</marc:subfield>
            <marc:subfield code="r">Donald Hall --</marc:subfield>
            <marc:subfield code="t">Wendell Berry's political vision /</marc:subfield>
            <marc:subfield code="r">Kimberly K. Smith --</marc:subfield>
            <marc:subfield code="t">How Wendell Berry single-handedly preserved three hundred years
                of agrarian wisdom /</marc:subfield>
            <marc:subfield code="r">David Kline --</marc:subfield>
            <marc:subfield code="t">Memory and hope in the world of Port William /</marc:subfield>
            <marc:subfield code="r">John Leax --</marc:subfield>
            <marc:subfield code="t">Politics, nature, and value in Wendell Berry's &quot;art of the
                commonplace&quot; /</marc:subfield>
            <marc:subfield code="r">Eric Trethewey --</marc:subfield>
            <marc:subfield code="t">Berry Britannica /</marc:subfield>
            <marc:subfield code="r">John Lane --</marc:subfield>
            <marc:subfield code="t">Wendell Berry and the twentieth-century agrarian
                &quot;series&quot; /</marc:subfield>
            <marc:subfield code="r">Allan Carlson --</marc:subfield>
            <marc:subfield code="t">A citizen of the real world /</marc:subfield>
            <marc:subfield code="r">Bill McKibben --</marc:subfield>
            <marc:subfield code="t">Sexuality and the sacramental imagination : it all turns on
                affection /</marc:subfield>
            <marc:subfield code="r">P. Travis Kroeker --</marc:subfield>
            <marc:subfield code="t">A practical education : Wendell Berry the professor
                /</marc:subfield>
            <marc:subfield code="r">Morris A. Grubbs --</marc:subfield>
            <marc:subfield code="t">An economy of gratitude /</marc:subfield>
            <marc:subfield code="r">Norman Wirzba --</marc:subfield>
            <marc:subfield code="t">Letters from a humble radical /</marc:subfield>
            <marc:subfield code="r">Wes Jackson --</marc:subfield>
            <marc:subfield code="t">Wendell Berry and the limits of populism /</marc:subfield>
            <marc:subfield code="r">Erich T. Freyfogle --</marc:subfield>
            <marc:subfield code="t">Hemingway's Nick and Wendell Berry's art /</marc:subfield>
            <marc:subfield code="r">David Crowe --</marc:subfield>
            <marc:subfield code="t">At his desk as on his land /</marc:subfield>
            <marc:subfield code="r">Hayden Carruth --</marc:subfield>
            <marc:subfield code="t">Wendell Berry and the traditionalist critique of meritocracy
                /</marc:subfield>
            <marc:subfield code="r">Jeremy Beer --</marc:subfield>
            <marc:subfield code="t">Looking the technological gift horse in the mouth
                /</marc:subfield>
            <marc:subfield code="r">Sven Birkerts --</marc:subfield>
            <marc:subfield code="t">Wendell Berry : agrarian artist /</marc:subfield>
            <marc:subfield code="r">Gene Logsdon --</marc:subfield>
            <marc:subfield code="t">Education, heresy, and the &quot;deadly disease of the
                world&quot; /</marc:subfield>
            <marc:subfield code="r">Jason Peters --</marc:subfield>
            <marc:subfield code="t">Wendell's window and the wind's eye /</marc:subfield>
            <marc:subfield code="r">James Baker Hall --</marc:subfield>
            <marc:subfield code="t">The art of buying nothing /</marc:subfield>
            <marc:subfield code="r">Barbara Kingsolver --</marc:subfield>
            <marc:subfield code="t">Fidelity /</marc:subfield>
            <marc:subfield code="r">Katherine Dalton --</marc:subfield>
            <marc:subfield code="t">Wendell Berry and the alternative tradition in American
                political thought /</marc:subfield>
            <marc:subfield code="r">Patrick J. Deneen --</marc:subfield>
            <marc:subfield code="t">A long shelf /</marc:subfield>
            <marc:subfield code="r">Jack Shoemaker --</marc:subfield>
            <marc:subfield code="t">Afterword /</marc:subfield>
            <marc:subfield code="r">George Core.</marc:subfield>
        </marc:datafield>
        <marc:datafield tag="520" ind1=" " ind2=" ">
            <marc:subfield code="a">Discusses Wendell Berry's life and work. Essayist, social
                critic, poet, &quot;mad farmer,&quot; novelist, teacher, and prophet: Wendell Berry
                has been called many things, but the broad sweep of his contemporary relevance and
                influence defies simple labels. With his unique perspective and far-reaching vision,
                Berry poses complex questions regarding humankind and our relationship to the land,
                offering simple but profound solutions. Wendell Berry: Life and Work examines this
                wise and original thinker, appraising his written work and exploring his influence
                as an activist and artist. Jason Peters assembles a broad variety of writers to
                illuminate.</marc:subfield>
        </marc:datafield>
        <marc:datafield tag="591" ind1=" " ind2=" ">
            <marc:subfield code="b">NAL Reclamation</marc:subfield>
        </marc:datafield>
        <marc:datafield tag="600" ind1="1" ind2="0">
            <marc:subfield code="a">Berry, Wendell,</marc:subfield>
            <marc:subfield code="d">1934-</marc:subfield>
            <marc:subfield code="0">http://id.loc.gov/authorities/names/n50007571</marc:subfield>
        </marc:datafield>
        <marc:datafield tag="600" ind1="1" ind2="7">
            <marc:subfield code="a">Berry, Wendell,</marc:subfield>
            <marc:subfield code="d">1934-</marc:subfield>
            <marc:subfield code="2">fast</marc:subfield>
            <marc:subfield code="0">(OCoLC)fst00002078</marc:subfield>
        </marc:datafield>
        <marc:datafield tag="600" ind1="1" ind2="7">
            <marc:subfield code="a">Berry, Wendell,</marc:subfield>
            <marc:subfield code="d">1934-</marc:subfield>
            <marc:subfield code="2">sears</marc:subfield>
        </marc:datafield>
        <marc:datafield tag="600" ind1="1" ind2="7">
            <marc:subfield code="a">Berry, Wendell.</marc:subfield>
            <marc:subfield code="2">swd</marc:subfield>
        </marc:datafield>
        <marc:datafield tag="655" ind1=" " ind2="3">
            <marc:subfield code="a">Internet resource.</marc:subfield>
        </marc:datafield>
        <marc:datafield tag="700" ind1="1" ind2=" ">
            <marc:subfield code="a">Peters, Jason,</marc:subfield>
            <marc:subfield code="d">1963-</marc:subfield>
        </marc:datafield>
        <marc:datafield tag="776" ind1="0" ind2="8">
            <marc:subfield code="i">Online version:</marc:subfield>
            <marc:subfield code="t">Wendell Berry.</marc:subfield>
            <marc:subfield code="d">Lexington : University Press of Kentucky, ©2007</marc:subfield>
            <marc:subfield code="w">(OCoLC)608524418</marc:subfield>
        </marc:datafield>
        <marc:datafield tag="830" ind1=" " ind2="0">
            <marc:subfield code="a">Culture of the land</marc:subfield>
        </marc:datafield>
        <marc:datafield tag="856" ind1="4" ind2="1">
            <marc:subfield code="3">Table of contents only</marc:subfield>
            <marc:subfield code="u"
                >http://www.loc.gov/catdir/toc/ecip0711/2007005962.html</marc:subfield>
        </marc:datafield>
        <marc:datafield tag="912" ind1=" " ind2=" ">
            <marc:subfield code="a">nalcatalog</marc:subfield>
        </marc:datafield>
        <marc:datafield tag="930" ind1=" " ind2=" ">
            <marc:subfield code="a">20120514</marc:subfield>
            <marc:subfield code="b">00000000</marc:subfield>
            <marc:subfield code="c">00000000</marc:subfield>
        </marc:datafield>
        <marc:datafield tag="938" ind1=" " ind2=" ">
            <marc:subfield code="a">Baker &amp; Taylor</marc:subfield>
            <marc:subfield code="b">BKTY</marc:subfield>
            <marc:subfield code="c">35.00</marc:subfield>
            <marc:subfield code="d">26.25</marc:subfield>
            <marc:subfield code="i">0813124425</marc:subfield>
            <marc:subfield code="n">0007049748</marc:subfield>
            <marc:subfield code="s">active</marc:subfield>
        </marc:datafield>
        <marc:datafield tag="938" ind1=" " ind2=" ">
            <marc:subfield code="a">Brodart</marc:subfield>
            <marc:subfield code="b">BROD</marc:subfield>
            <marc:subfield code="n">06795986</marc:subfield>
            <marc:subfield code="c">$35.00</marc:subfield>
        </marc:datafield>
        <marc:datafield tag="938" ind1=" " ind2=" ">
            <marc:subfield code="a">Baker and Taylor</marc:subfield>
            <marc:subfield code="b">BTCP</marc:subfield>
            <marc:subfield code="n">2007005962</marc:subfield>
        </marc:datafield>
        <marc:datafield tag="938" ind1=" " ind2=" ">
            <marc:subfield code="a">YBP Library Services</marc:subfield>
            <marc:subfield code="b">YANK</marc:subfield>
            <marc:subfield code="n">2498391</marc:subfield>
        </marc:datafield>
        <marc:datafield tag="939" ind1=" " ind2=" ">
            <marc:subfield code="a">20090317</marc:subfield>
            <marc:subfield code="b">20090508</marc:subfield>
            <marc:subfield code="c">00000000</marc:subfield>
        </marc:datafield>
        <marc:datafield tag="945" ind1=" " ind2=" ">
            <marc:subfield code="a">Promptcat</marc:subfield>
            <marc:subfield code="e">2009/03/09</marc:subfield>
        </marc:datafield>
        <marc:datafield tag="946" ind1=" " ind2=" ">
            <marc:subfield code="a">Other US</marc:subfield>
        </marc:datafield>
        <marc:datafield tag="958" ind1=" " ind2=" ">
            <marc:subfield code="b">r</marc:subfield>
            <marc:subfield code="c">2009/03/11</marc:subfield>
            <marc:subfield code="d">c</marc:subfield>
            <marc:subfield code="e">aallen</marc:subfield>
        </marc:datafield>
        <marc:datafield tag="959" ind1=" " ind2=" ">
            <marc:subfield code="c">2012/05/14</marc:subfield>
            <marc:subfield code="e">ssouder</marc:subfield>
            <marc:subfield code="g">other</marc:subfield>
        </marc:datafield>
        <marc:datafield tag="994" ind1=" " ind2=" ">
            <marc:subfield code="a">92</marc:subfield>
            <marc:subfield code="b">AGL</marc:subfield>
        </marc:datafield>
    </marc:record>