
    <marc:record>
        <marc:leader>06501cam a2200733 a 4500</marc:leader>
        <marc:controlfield tag="001">9915446222107426</marc:controlfield>
        <marc:controlfield tag="005">20221102005825.0</marc:controlfield>
        <marc:controlfield tag="008">970411s1996 nyu b 101 0 eng </marc:controlfield>
        <marc:datafield tag="010" ind1=" " ind2=" ">
            <marc:subfield code="a"> 96005689 </marc:subfield>
        </marc:datafield>
        <marc:datafield tag="016" ind1="7" ind2=" ">
            <marc:subfield code="a">CAT10825528</marc:subfield>
            <marc:subfield code="2">DNAL</marc:subfield>
        </marc:datafield>
        <marc:datafield tag="016" ind1="7" ind2=" ">
            <marc:subfield code="a">101692705</marc:subfield>
            <marc:subfield code="2">DNLM</marc:subfield>
        </marc:datafield>
        <marc:datafield tag="016" ind1="7" ind2=" ">
            <marc:subfield code="a">BA27939395</marc:subfield>
            <marc:subfield code="2">JP-ToKJK</marc:subfield>
        </marc:datafield>
        <marc:datafield tag="016" ind1="7" ind2=" ">
            <marc:subfield code="a">006347009</marc:subfield>
            <marc:subfield code="2">Uk</marc:subfield>
        </marc:datafield>
        <marc:datafield tag="019" ind1=" " ind2=" ">
            <marc:subfield code="a">59608573</marc:subfield>
            <marc:subfield code="a">960170038</marc:subfield>
            <marc:subfield code="a">966044509</marc:subfield>
        </marc:datafield>
        <marc:datafield tag="020" ind1=" " ind2=" ">
            <marc:subfield code="a">1573310026</marc:subfield>
            <marc:subfield code="q">(cloth ;</marc:subfield>
            <marc:subfield code="q">alk. paper)</marc:subfield>
        </marc:datafield>
        <marc:datafield tag="020" ind1=" " ind2=" ">
            <marc:subfield code="a">9781573310024</marc:subfield>
            <marc:subfield code="q">(cloth ;</marc:subfield>
            <marc:subfield code="q">alk. paper)</marc:subfield>
        </marc:datafield>
        <marc:datafield tag="020" ind1=" " ind2=" ">
            <marc:subfield code="a">1573310034</marc:subfield>
            <marc:subfield code="q">(pbk. ;</marc:subfield>
            <marc:subfield code="q">alk. paper)</marc:subfield>
        </marc:datafield>
        <marc:datafield tag="020" ind1=" " ind2=" ">
            <marc:subfield code="a">9781573310031</marc:subfield>
            <marc:subfield code="q">(pbk. ;</marc:subfield>
            <marc:subfield code="q">alk. paper)</marc:subfield>
        </marc:datafield>
        <marc:datafield tag="035" ind1=" " ind2=" ">
            <marc:subfield code="a">794092</marc:subfield>
        </marc:datafield>
        <marc:datafield tag="035" ind1=" " ind2=" ">
            <marc:subfield code="a">(OCoLC)34546011</marc:subfield>
            <marc:subfield code="z">(OCoLC)59608573</marc:subfield>
            <marc:subfield code="z">(OCoLC)960170038</marc:subfield>
            <marc:subfield code="z">(OCoLC)966044509</marc:subfield>
        </marc:datafield>
        <marc:datafield tag="035" ind1=" " ind2=" ">
            <marc:subfield code="a">(DNAL)794092-naldb-Voyager</marc:subfield>
        </marc:datafield>
        <marc:datafield tag="035" ind1=" " ind2=" ">
            <marc:subfield code="z">(OCoLC)59608573</marc:subfield>
            <marc:subfield code="z">(OCoLC)960170038</marc:subfield>
            <marc:subfield code="z">(OCoLC)966044509</marc:subfield>
        </marc:datafield>
        <marc:datafield tag="040" ind1=" " ind2=" ">
            <marc:subfield code="a">DLC</marc:subfield>
            <marc:subfield code="b">eng</marc:subfield>
            <marc:subfield code="c">DLC</marc:subfield>
            <marc:subfield code="d">C#P</marc:subfield>
            <marc:subfield code="d">COU</marc:subfield>
            <marc:subfield code="d">AGL</marc:subfield>
            <marc:subfield code="d">EL$</marc:subfield>
            <marc:subfield code="d">OCLCQ</marc:subfield>
            <marc:subfield code="d">NLGGC</marc:subfield>
            <marc:subfield code="d">BTCTA</marc:subfield>
            <marc:subfield code="d">LVB</marc:subfield>
            <marc:subfield code="d">BAKER</marc:subfield>
            <marc:subfield code="d">YAM</marc:subfield>
            <marc:subfield code="d">YDXCP</marc:subfield>
            <marc:subfield code="d">OCLCG</marc:subfield>
            <marc:subfield code="d">CS1</marc:subfield>
            <marc:subfield code="d">ZWZ</marc:subfield>
            <marc:subfield code="d">BDX</marc:subfield>
            <marc:subfield code="d">OCLCO</marc:subfield>
            <marc:subfield code="d">OCLCF</marc:subfield>
            <marc:subfield code="d">OCLCQ</marc:subfield>
            <marc:subfield code="d">OCLCO</marc:subfield>
            <marc:subfield code="d">WIC</marc:subfield>
            <marc:subfield code="d">OCLCQ</marc:subfield>
            <marc:subfield code="d">OCL</marc:subfield>
            <marc:subfield code="d">OCLCO</marc:subfield>
            <marc:subfield code="d">EUW</marc:subfield>
            <marc:subfield code="d">OCLCO</marc:subfield>
            <marc:subfield code="d">OCLCQ</marc:subfield>
            <marc:subfield code="d">FC@</marc:subfield>
            <marc:subfield code="d">MDAVP</marc:subfield>
            <marc:subfield code="d">EUN</marc:subfield>
            <marc:subfield code="d">OCLCQ</marc:subfield>
            <marc:subfield code="d">OCLCO</marc:subfield>
            <marc:subfield code="d">XFF</marc:subfield>
            <marc:subfield code="d">OCLCO</marc:subfield>
            <marc:subfield code="d">DML</marc:subfield>
            <marc:subfield code="d">NLM</marc:subfield>
            <marc:subfield code="d">OCLCO</marc:subfield>
            <marc:subfield code="d">OCLCQ</marc:subfield>
            <marc:subfield code="d">OCLCO</marc:subfield>
            <marc:subfield code="d">L2U</marc:subfield>
            <marc:subfield code="d">OCLCA</marc:subfield>
            <marc:subfield code="d">OCLCQ</marc:subfield>
            <marc:subfield code="d">OCLCA</marc:subfield>
            <marc:subfield code="d">CPO</marc:subfield>
            <marc:subfield code="d">OCLCQ</marc:subfield>
            <marc:subfield code="d">BGU</marc:subfield>
            <marc:subfield code="d">OCLCQ</marc:subfield>
            <marc:subfield code="d">UKMGB</marc:subfield>
            <marc:subfield code="d">OCLCO</marc:subfield>
            <marc:subfield code="d">OCLCA</marc:subfield>
            <marc:subfield code="d">OCLCQ</marc:subfield>
            <marc:subfield code="d">QE2</marc:subfield>
            <marc:subfield code="d">UMK</marc:subfield>
            <marc:subfield code="d">OCLCO</marc:subfield>
            <marc:subfield code="d">OCLCA</marc:subfield>
            <marc:subfield code="d">J9U</marc:subfield>
            <marc:subfield code="d">OCLCO</marc:subfield>
        </marc:datafield>
        <marc:datafield tag="049" ind1=" " ind2=" ">
            <marc:subfield code="a">AGLL</marc:subfield>
        </marc:datafield>
        <marc:datafield tag="050" ind1="0" ind2="0">
            <marc:subfield code="a">Q175</marc:subfield>
            <marc:subfield code="b">.F58 1996</marc:subfield>
        </marc:datafield>
        <marc:datafield tag="070" ind1="0" ind2=" ">
            <marc:subfield code="a">500</marc:subfield>
            <marc:subfield code="b">N484 v.775</marc:subfield>
        </marc:datafield>
        <marc:datafield tag="072" ind1=" " ind2=" ">
            <marc:subfield code="a">X300</marc:subfield>
        </marc:datafield>
        <marc:datafield tag="072" ind1=" " ind2=" ">
            <marc:subfield code="a">X800</marc:subfield>
        </marc:datafield>
        <marc:datafield tag="245" ind1="0" ind2="4">
            <marc:subfield code="a">The Flight from science and reason /</marc:subfield>
            <marc:subfield code="c">edited by Paul R. Gross, Norman Levitt, and Martin W.
                Lewis.</marc:subfield>
        </marc:datafield>
        <marc:datafield tag="260" ind1=" " ind2=" ">
            <marc:subfield code="a">New York N.Y. :</marc:subfield>
            <marc:subfield code="b">New York Academy of Sciences,</marc:subfield>
            <marc:subfield code="c">1996.</marc:subfield>
        </marc:datafield>
        <marc:datafield tag="300" ind1=" " ind2=" ">
            <marc:subfield code="a">xi, 593 pages ;</marc:subfield>
            <marc:subfield code="c">24 cm.</marc:subfield>
        </marc:datafield>
        <marc:datafield tag="336" ind1=" " ind2=" ">
            <marc:subfield code="a">text</marc:subfield>
            <marc:subfield code="b">txt</marc:subfield>
            <marc:subfield code="2">rdacontent</marc:subfield>
        </marc:datafield>
        <marc:datafield tag="337" ind1=" " ind2=" ">
            <marc:subfield code="a">unmediated</marc:subfield>
            <marc:subfield code="b">n</marc:subfield>
            <marc:subfield code="2">rdamedia</marc:subfield>
        </marc:datafield>
        <marc:datafield tag="338" ind1=" " ind2=" ">
            <marc:subfield code="a">volume</marc:subfield>
            <marc:subfield code="b">nc</marc:subfield>
            <marc:subfield code="2">rdacarrier</marc:subfield>
        </marc:datafield>
        <marc:datafield tag="490" ind1="1" ind2=" ">
            <marc:subfield code="a">Annals of the New York Academy of sciences,</marc:subfield>
            <marc:subfield code="x">0077-8923 ;</marc:subfield>
            <marc:subfield code="v">v. 775</marc:subfield>
        </marc:datafield>
        <marc:datafield tag="504" ind1=" " ind2=" ">
            <marc:subfield code="a">Includes bibliographical references and indexes.</marc:subfield>
        </marc:datafield>
        <marc:datafield tag="505" ind1="0" ind2="0">
            <marc:subfield code="g">Introductory remarks : medicine took an earlier flight
                /</marc:subfield>
            <marc:subfield code="r">Henry Greenberg --</marc:subfield>
            <marc:subfield code="t">Imaginary gardens with real toads /</marc:subfield>
            <marc:subfield code="r">Dudley R. Herschbach --</marc:subfield>
            <marc:subfield code="t">Conduct and misconduct in science /</marc:subfield>
            <marc:subfield code="r">David Goodstein --</marc:subfield>
            <marc:subfield code="t">Mathematics as the stepchild of contemporary culture
                /</marc:subfield>
            <marc:subfield code="r">Norman Levitt --</marc:subfield>
            <marc:subfield code="t">Concern for truth : what it means, why it matters
                /</marc:subfield>
            <marc:subfield code="r">Susan Haack --</marc:subfield>
            <marc:subfield code="t">The propensity to believe /</marc:subfield>
            <marc:subfield code="r">James E. Alcock --</marc:subfield>
            <marc:subfield code="t">Flights of fancy : science, reason, and common sense
                /</marc:subfield>
            <marc:subfield code="r">Barry R. Gross --</marc:subfield>
            <marc:subfield code="t">Feelings and beliefs /</marc:subfield>
            <marc:subfield code="r">Loren Fishman --</marc:subfield>
            <marc:subfield code="t">In praise of intolerance to charlatanism in academia
                /</marc:subfield>
            <marc:subfield code="r">Mario Bunge --</marc:subfield>
            <marc:subfield code="t">Quantum philosophy : the flight from reason in science
                /</marc:subfield>
            <marc:subfield code="r">Sheldon Goldstein --</marc:subfield>
            <marc:subfield code="t">Physics and common nonsense /</marc:subfield>
            <marc:subfield code="r">Daniel Kleppner --</marc:subfield>
            <marc:subfield code="t">Science of chaos or chaos in science? /</marc:subfield>
            <marc:subfield code="r">J. Bricmont --</marc:subfield>
            <marc:subfield code="t">&quot;Sucking with vampires&quot; : the medicine of unreason
                /</marc:subfield>
            <marc:subfield code="r">Gerald Weissmann --</marc:subfield>
            <marc:subfield code="t">Antiscience trends in the rise of the &quot;alternative
                medicine&quot; movement /</marc:subfield>
            <marc:subfield code="r">Wallace Sampson --</marc:subfield>
            <marc:subfield code="t">Constructivism in psychotherapy : truth and consequences
                /</marc:subfield>
            <marc:subfield code="r">Barbara S. Held --</marc:subfield>
            <marc:subfield code="t">Radical environmental philosophy and the assault on reason
                /</marc:subfield>
            <marc:subfield code="r">Martin W. Lewis --</marc:subfield>
            <marc:subfield code="t">Is environmental cancer a political disease? /</marc:subfield>
            <marc:subfield code="r">Stanley Rothman and S. Robert Lichter --</marc:subfield>
            <marc:subfield code="t">Old messages : ecofeminism and the alienation of young people
                from environmental activism /</marc:subfield>
            <marc:subfield code="r">Rene Denfeld --</marc:subfield>
            <marc:subfield code="t">Towards a sober sociology of science /</marc:subfield>
            <marc:subfield code="r">Susan Haack --</marc:subfield>
            <marc:subfield code="t">Wrestling with the social constructor /</marc:subfield>
            <marc:subfield code="r">Noretta Koertge --</marc:subfield>
            <marc:subfield code="t">Voodoo sociology : recent developments in the sociology of
                science /</marc:subfield>
            <marc:subfield code="r">Stephen Cole --</marc:subfield>
            <marc:subfield code="t">The allure of the hybrid : Bruno Latour and the search for a new
                grand theory /</marc:subfield>
            <marc:subfield code="r">Oscar Kenshur --</marc:subfield>
            <marc:subfield code="t">Whatever happened to historical evidence? /</marc:subfield>
            <marc:subfield code="r">Mary Lefkowitz --</marc:subfield>
            <marc:subfield code="t">Building bridges to Afrocentrism : a letter to my Egyptological
                colleagues /</marc:subfield>
            <marc:subfield code="r">Ann Macy Roth --</marc:subfield>
            <marc:subfield code="t">State of the art/science in anthropology /</marc:subfield>
            <marc:subfield code="r">Robin Fox --</marc:subfield>
            <marc:subfield code="t">Liberalism, public opinion, and their critics : some lessons for
                defending science /</marc:subfield>
            <marc:subfield code="r">Simon Jackman --</marc:subfield>
            <marc:subfield code="t">Pathological social science : Carol Gilligan and the incredible
                shrinking girl /</marc:subfield>
            <marc:subfield code="r">Christina Hoff Sommers --</marc:subfield>
            <marc:subfield code="t">Why feminist epistemology isn't /</marc:subfield>
            <marc:subfield code="r">Janet Radcliffe Richards --</marc:subfield>
            <marc:subfield code="t">Feminist epistemology : stalking an un-dead horse
                /</marc:subfield>
            <marc:subfield code="r">Noretta Koertge --</marc:subfield>
            <marc:subfield code="t">The science question in postcolonial feminism /</marc:subfield>
            <marc:subfield code="r">Meera Nanda --</marc:subfield>
            <marc:subfield code="t">Are &quot;feminist perspectives&quot; in mathematics and science
                feminist? /</marc:subfield>
            <marc:subfield code="r">Mary Beth Ruskai --</marc:subfield>
            <marc:subfield code="t">On sitting down to read King Lear once again : the textual
                deconstruction of Shakespeare /</marc:subfield>
            <marc:subfield code="r">Paul A. Cantor --</marc:subfield>
            <marc:subfield code="t">Constructing literature : empiricism, romanticism, and textual
                theory /</marc:subfield>
            <marc:subfield code="r">George Bornstein --</marc:subfield>
            <marc:subfield code="t">Freudian suspicion versus suspicion of Freud /</marc:subfield>
            <marc:subfield code="r">Frederick Crews --</marc:subfield>
            <marc:subfield code="t">Ecosentimentalism : the summer dream beneath the tamarind tree
                /</marc:subfield>
            <marc:subfield code="r">Gerald Weissmann --</marc:subfield>
            <marc:subfield code="t">Two sources of unreason in democratic society : the paranormal
                and religion /</marc:subfield>
            <marc:subfield code="r">Paul Kurtz --</marc:subfield>
            <marc:subfield code="t">Creationism, ideology, and science /</marc:subfield>
            <marc:subfield code="r">Eugenie C. Scott --</marc:subfield>
            <marc:subfield code="t">The flight from reason : the religious right /</marc:subfield>
            <marc:subfield code="r">Langdon Gilkey --</marc:subfield>
            <marc:subfield code="t">Doubt, certainty, faith, and ideology /</marc:subfield>
            <marc:subfield code="r">Oscar Kenshur --</marc:subfield>
            <marc:subfield code="t">Science, reason, and education /</marc:subfield>
            <marc:subfield code="r">Henry Rosovsky --</marc:subfield>
            <marc:subfield code="t">Scientific literacy /</marc:subfield>
            <marc:subfield code="r">James Trefil --</marc:subfield>
            <marc:subfield code="t">Science education and the sense of self /</marc:subfield>
            <marc:subfield code="r">Gerald Holton --</marc:subfield>
            <marc:subfield code="t">Afrocentric pseudoscience : the miseducation of African
                Americans /</marc:subfield>
            <marc:subfield code="r">Bernard R. Ortiz de Montellano.</marc:subfield>
        </marc:datafield>
        <marc:datafield tag="540" ind1=" " ind2=" ">
            <marc:subfield code="a">Current copyright fee: GBP28.00</marc:subfield>
            <marc:subfield code="c">35\0.</marc:subfield>
            <marc:subfield code="5">Uk</marc:subfield>
        </marc:datafield>
        <marc:datafield tag="591" ind1=" " ind2=" ">
            <marc:subfield code="b">NAL Reclamation</marc:subfield>
        </marc:datafield>
        <marc:datafield tag="650" ind1=" " ind2="0">
            <marc:subfield code="a">Science</marc:subfield>
            <marc:subfield code="x">Philosophy</marc:subfield>
            <marc:subfield code="v">Congresses.</marc:subfield>
        </marc:datafield>
        <marc:datafield tag="650" ind1=" " ind2="0">
            <marc:subfield code="a">Science</marc:subfield>
            <marc:subfield code="x">Social aspects</marc:subfield>
            <marc:subfield code="v">Congresses.</marc:subfield>
        </marc:datafield>
        <marc:datafield tag="650" ind1=" " ind2="0">
            <marc:subfield code="a">Women in science</marc:subfield>
            <marc:subfield code="v">Congresses.</marc:subfield>
        </marc:datafield>
        <marc:datafield tag="650" ind1=" " ind2="0">
            <marc:subfield code="a">Religion and science</marc:subfield>
            <marc:subfield code="v">Congresses.</marc:subfield>
        </marc:datafield>
        <marc:datafield tag="650" ind1="1" ind2="2">
            <marc:subfield code="a">Science.</marc:subfield>
        </marc:datafield>
        <marc:datafield tag="650" ind1="2" ind2="2">
            <marc:subfield code="a">Philosophy, Medical.</marc:subfield>
        </marc:datafield>
        <marc:datafield tag="650" ind1="2" ind2="2">
            <marc:subfield code="a">Religion and Science.</marc:subfield>
        </marc:datafield>
        <marc:datafield tag="655" ind1=" " ind2="2">
            <marc:subfield code="a">Congress.</marc:subfield>
        </marc:datafield>
        <marc:datafield tag="655" ind1=" " ind2="7">
            <marc:subfield code="a">Conference papers and proceedings.</marc:subfield>
            <marc:subfield code="2">fast</marc:subfield>
            <marc:subfield code="0">(OCoLC)fst01423772</marc:subfield>
        </marc:datafield>
        <marc:datafield tag="655" ind1=" " ind2="7">
            <marc:subfield code="a">Conference papers and proceedings.</marc:subfield>
            <marc:subfield code="2">lcgft</marc:subfield>
            <marc:subfield code="0"
                >http://id.loc.gov/authorities/genreForms/gf2014026068</marc:subfield>
        </marc:datafield>
        <marc:datafield tag="700" ind1="1" ind2=" ">
            <marc:subfield code="a">Gross, Paul R.</marc:subfield>
        </marc:datafield>
        <marc:datafield tag="700" ind1="1" ind2=" ">
            <marc:subfield code="a">Levitt, N.</marc:subfield>
            <marc:subfield code="q">(Norman),</marc:subfield>
            <marc:subfield code="d">1943-</marc:subfield>
            <marc:subfield code="0">http://id.loc.gov/authorities/names/n85104531</marc:subfield>
        </marc:datafield>
        <marc:datafield tag="700" ind1="1" ind2=" ">
            <marc:subfield code="a">Lewis, Martin W.</marc:subfield>
        </marc:datafield>
        <marc:datafield tag="776" ind1="0" ind2="8">
            <marc:subfield code="i">Online version:</marc:subfield>
            <marc:subfield code="t">Flight from science and reason.</marc:subfield>
            <marc:subfield code="d">New York N.Y. : New York Academy of Sciences,
                1996</marc:subfield>
            <marc:subfield code="w">(OCoLC)607766345</marc:subfield>
        </marc:datafield>
        <marc:datafield tag="776" ind1="0" ind2="8">
            <marc:subfield code="i">Online version:</marc:subfield>
            <marc:subfield code="t">Flight from science and reason.</marc:subfield>
            <marc:subfield code="d">New York N.Y. : New York Academy of Sciences,
                1996</marc:subfield>
            <marc:subfield code="w">(OCoLC)607809254</marc:subfield>
        </marc:datafield>
        <marc:datafield tag="830" ind1=" " ind2="0">
            <marc:subfield code="a">Annals of the New York Academy of Sciences ;</marc:subfield>
            <marc:subfield code="v">v. 775.</marc:subfield>
            <marc:subfield code="x">0077-8923</marc:subfield>
        </marc:datafield>
        <marc:datafield tag="912" ind1=" " ind2=" ">
            <marc:subfield code="a">nalcatalog</marc:subfield>
        </marc:datafield>
        <marc:datafield tag="930" ind1=" " ind2=" ">
            <marc:subfield code="a">19970501</marc:subfield>
            <marc:subfield code="b">19970508</marc:subfield>
            <marc:subfield code="c">00000000</marc:subfield>
        </marc:datafield>
        <marc:datafield tag="938" ind1=" " ind2=" ">
            <marc:subfield code="a">Baker &amp; Taylor</marc:subfield>
            <marc:subfield code="b">BKTY</marc:subfield>
            <marc:subfield code="c">95.00</marc:subfield>
            <marc:subfield code="d">99.95</marc:subfield>
            <marc:subfield code="i">1573310034</marc:subfield>
            <marc:subfield code="n">0002851533</marc:subfield>
            <marc:subfield code="s">active</marc:subfield>
        </marc:datafield>
        <marc:datafield tag="938" ind1=" " ind2=" ">
            <marc:subfield code="a">Brodart</marc:subfield>
            <marc:subfield code="b">BROD</marc:subfield>
            <marc:subfield code="n">50784730</marc:subfield>
            <marc:subfield code="c">$95.00</marc:subfield>
        </marc:datafield>
        <marc:datafield tag="938" ind1=" " ind2=" ">
            <marc:subfield code="a">Baker and Taylor</marc:subfield>
            <marc:subfield code="b">BTCP</marc:subfield>
            <marc:subfield code="n">96005689</marc:subfield>
        </marc:datafield>
        <marc:datafield tag="938" ind1=" " ind2=" ">
            <marc:subfield code="a">YBP Library Services</marc:subfield>
            <marc:subfield code="b">YANK</marc:subfield>
            <marc:subfield code="n">1302560</marc:subfield>
        </marc:datafield>
        <marc:datafield tag="945" ind1=" " ind2=" ">
            <marc:subfield code="d">SES</marc:subfield>
            <marc:subfield code="e">97/04/11</marc:subfield>
            <marc:subfield code="f">SES</marc:subfield>
            <marc:subfield code="g">97/04/11</marc:subfield>
        </marc:datafield>
        <marc:datafield tag="946" ind1=" " ind2=" ">
            <marc:subfield code="a">Other US</marc:subfield>
        </marc:datafield>
        <marc:datafield tag="994" ind1=" " ind2=" ">
            <marc:subfield code="a">92</marc:subfield>
            <marc:subfield code="b">AGL</marc:subfield>
        </marc:datafield>
    </marc:record>