
    <marc:record>
        <marc:leader>02177cam a2200457 a 4500</marc:leader>
        <marc:controlfield tag="001">9915451960907426</marc:controlfield>
        <marc:controlfield tag="005">20221101224549.0</marc:controlfield>
        <marc:controlfield tag="007">hd afa---bacp</marc:controlfield>
        <marc:controlfield tag="007">hd bfa---baap</marc:controlfield>
        <marc:controlfield tag="007">hd bfa---babp</marc:controlfield>
        <marc:controlfield tag="008">990710s1871 paua a 000 0 eng d</marc:controlfield>
        <marc:datafield tag="016" ind1="7" ind2=" ">
            <marc:subfield code="a">CAT10873564</marc:subfield>
            <marc:subfield code="2">DNAL</marc:subfield>
        </marc:datafield>
        <marc:datafield tag="035" ind1=" " ind2=" ">
            <marc:subfield code="a">832776</marc:subfield>
        </marc:datafield>
        <marc:datafield tag="035" ind1=" " ind2=" ">
            <marc:subfield code="a">(OCoLC)37453355</marc:subfield>
        </marc:datafield>
        <marc:datafield tag="035" ind1=" " ind2=" ">
            <marc:subfield code="a">(DNAL)832776-naldb-Voyager</marc:subfield>
        </marc:datafield>
        <marc:datafield tag="040" ind1=" " ind2=" ">
            <marc:subfield code="a">UPM</marc:subfield>
            <marc:subfield code="b">eng</marc:subfield>
            <marc:subfield code="c">UPM</marc:subfield>
            <marc:subfield code="d">AGL</marc:subfield>
            <marc:subfield code="d">OCL</marc:subfield>
            <marc:subfield code="d">OCLCQ</marc:subfield>
            <marc:subfield code="d">OCLCG</marc:subfield>
            <marc:subfield code="d">OCLCQ</marc:subfield>
            <marc:subfield code="d">OCLCF</marc:subfield>
            <marc:subfield code="d">OCLCQ</marc:subfield>
            <marc:subfield code="d">OCLCO</marc:subfield>
            <marc:subfield code="d">OCLCQ</marc:subfield>
            <marc:subfield code="d">OCLCA</marc:subfield>
        </marc:datafield>
        <marc:datafield tag="049" ind1=" " ind2=" ">
            <marc:subfield code="a">AGLL</marc:subfield>
        </marc:datafield>
        <marc:datafield tag="070" ind1="0" ind2=" ">
            <marc:subfield code="a">Film</marc:subfield>
            <marc:subfield code="b">1671</marc:subfield>
        </marc:datafield>
        <marc:datafield tag="072" ind1=" " ind2=" ">
            <marc:subfield code="a">L100</marc:subfield>
        </marc:datafield>
        <marc:datafield tag="072" ind1=" " ind2=" ">
            <marc:subfield code="a">L830</marc:subfield>
        </marc:datafield>
        <marc:datafield tag="100" ind1="1" ind2=" ">
            <marc:subfield code="a">Walsh, J. H.</marc:subfield>
            <marc:subfield code="q">(John Henry),</marc:subfield>
            <marc:subfield code="d">1810-1888.</marc:subfield>
            <marc:subfield code="0">http://id.loc.gov/authorities/names/no96010121</marc:subfield>
        </marc:datafield>
        <marc:datafield tag="245" ind1="1" ind2="8">
            <marc:subfield code="a">... The horse, in the stable and the field :</marc:subfield>
            <marc:subfield code="b">his management in health and disease /</marc:subfield>
            <marc:subfield code="c">by J.H. Walsh ; with copious notes and additions by Robert
                McClure ; and an essay on the American trotting horse, and suggestions on the
                breeding and training of trotters by Ellwood Harvey ; illustrated with over eighty
                engravings.</marc:subfield>
        </marc:datafield>
        <marc:datafield tag="260" ind1=" " ind2=" ">
            <marc:subfield code="a">Philadelphia :</marc:subfield>
            <marc:subfield code="b">Porter &amp; Coates,</marc:subfield>
            <marc:subfield code="c">©1871.</marc:subfield>
        </marc:datafield>
        <marc:datafield tag="300" ind1=" " ind2=" ">
            <marc:subfield code="a">540 pages :</marc:subfield>
            <marc:subfield code="b">illustrations ;</marc:subfield>
            <marc:subfield code="c">21 cm</marc:subfield>
        </marc:datafield>
        <marc:datafield tag="336" ind1=" " ind2=" ">
            <marc:subfield code="a">text</marc:subfield>
            <marc:subfield code="b">txt</marc:subfield>
            <marc:subfield code="2">rdacontent</marc:subfield>
        </marc:datafield>
        <marc:datafield tag="337" ind1=" " ind2=" ">
            <marc:subfield code="a">microform</marc:subfield>
            <marc:subfield code="b">h</marc:subfield>
            <marc:subfield code="2">rdamedia</marc:subfield>
        </marc:datafield>
        <marc:datafield tag="338" ind1=" " ind2=" ">
            <marc:subfield code="a">microfilm reel</marc:subfield>
            <marc:subfield code="b">hd</marc:subfield>
            <marc:subfield code="2">rdacarrier</marc:subfield>
        </marc:datafield>
        <marc:datafield tag="533" ind1=" " ind2=" ">
            <marc:subfield code="a">Microfilm.</marc:subfield>
            <marc:subfield code="b">University Park, Pa. :</marc:subfield>
            <marc:subfield code="c">Pennsylvania State University,</marc:subfield>
            <marc:subfield code="d">1997.</marc:subfield>
            <marc:subfield code="e">1 microfilm reel ; 35 mm.</marc:subfield>
            <marc:subfield code="f">(USAIN state and local literature preservation project.
                Pennsylvania)</marc:subfield>
            <marc:subfield code="f">(Pennsylvania agricultural literature on
                microfilm).</marc:subfield>
        </marc:datafield>
        <marc:datafield tag="539" ind1=" " ind2=" ">
            <marc:subfield code="a">s</marc:subfield>
            <marc:subfield code="b">1997</marc:subfield>
            <marc:subfield code="d">pau</marc:subfield>
            <marc:subfield code="e">n</marc:subfield>
            <marc:subfield code="g">a</marc:subfield>
        </marc:datafield>
        <marc:datafield tag="591" ind1=" " ind2=" ">
            <marc:subfield code="b">NAL Reclamation</marc:subfield>
        </marc:datafield>
        <marc:datafield tag="650" ind1=" " ind2="0">
            <marc:subfield code="a">Horses.</marc:subfield>
            <marc:subfield code="0"
                >http://id.loc.gov/authorities/subjects/sh85062160</marc:subfield>
        </marc:datafield>
        <marc:datafield tag="650" ind1=" " ind2="0">
            <marc:subfield code="a">Horses</marc:subfield>
            <marc:subfield code="x">Diseases.</marc:subfield>
            <marc:subfield code="0"
                >http://id.loc.gov/authorities/subjects/sh85062163</marc:subfield>
        </marc:datafield>
        <marc:datafield tag="700" ind1="1" ind2=" ">
            <marc:subfield code="a">McClure, Robert,</marc:subfield>
            <marc:subfield code="c">M.D., V.S.</marc:subfield>
            <marc:subfield code="0">http://id.loc.gov/authorities/names/no94040960</marc:subfield>
        </marc:datafield>
        <marc:datafield tag="700" ind1="1" ind2=" ">
            <marc:subfield code="a">Harvey, Ellwood,</marc:subfield>
            <marc:subfield code="d">1820-1889.</marc:subfield>
            <marc:subfield code="0">http://id.loc.gov/authorities/names/nr95021824</marc:subfield>
        </marc:datafield>
        <marc:datafield tag="830" ind1=" " ind2="0">
            <marc:subfield code="a">USAIN state and local literature preservation
                project.</marc:subfield>
            <marc:subfield code="p">Pennsylvania</marc:subfield>
        </marc:datafield>
        <marc:datafield tag="830" ind1=" " ind2="0">
            <marc:subfield code="a">Pennsylvania agricultural literature on
                microfilm</marc:subfield>
        </marc:datafield>
        <marc:datafield tag="912" ind1=" " ind2=" ">
            <marc:subfield code="a">nalcatalog</marc:subfield>
        </marc:datafield>
        <marc:datafield tag="930" ind1=" " ind2=" ">
            <marc:subfield code="a">19990802</marc:subfield>
            <marc:subfield code="b">19990812</marc:subfield>
            <marc:subfield code="c">00000000</marc:subfield>
        </marc:datafield>
        <marc:datafield tag="945" ind1=" " ind2=" ">
            <marc:subfield code="d">SES</marc:subfield>
            <marc:subfield code="e">99/07/10</marc:subfield>
            <marc:subfield code="f">SES</marc:subfield>
            <marc:subfield code="g">99/07/10</marc:subfield>
        </marc:datafield>
        <marc:datafield tag="946" ind1=" " ind2=" ">
            <marc:subfield code="a">Other US</marc:subfield>
        </marc:datafield>
        <marc:datafield tag="994" ind1=" " ind2=" ">
            <marc:subfield code="a">92</marc:subfield>
            <marc:subfield code="b">AGL</marc:subfield>
        </marc:datafield>
    </marc:record>