
    <marc:record>
        <marc:leader>19350cam a2200829 i 4500</marc:leader>
        <marc:controlfield tag="001">9915455102507426</marc:controlfield>
        <marc:controlfield tag="005">20221102013107.0</marc:controlfield>
        <marc:controlfield tag="008">940126s1994 nyua b 101 0 eng </marc:controlfield>
        <marc:datafield tag="010" ind1=" " ind2=" ">
            <marc:subfield code="a"> 94002222 </marc:subfield>
        </marc:datafield>
        <marc:datafield tag="015" ind1=" " ind2=" ">
            <marc:subfield code="a">GB9436834</marc:subfield>
            <marc:subfield code="2">bnb</marc:subfield>
        </marc:datafield>
        <marc:datafield tag="015" ind1=" " ind2=" ">
            <marc:subfield code="a">GB94-36834</marc:subfield>
        </marc:datafield>
        <marc:datafield tag="016" ind1="7" ind2=" ">
            <marc:subfield code="a">CAT10664801</marc:subfield>
            <marc:subfield code="2">DNAL</marc:subfield>
        </marc:datafield>
        <marc:datafield tag="016" ind1="7" ind2=" ">
            <marc:subfield code="a">9419706</marc:subfield>
            <marc:subfield code="2">DNLM</marc:subfield>
        </marc:datafield>
        <marc:datafield tag="016" ind1="7" ind2=" ">
            <marc:subfield code="a">007069499</marc:subfield>
            <marc:subfield code="2">Uk</marc:subfield>
        </marc:datafield>
        <marc:datafield tag="019" ind1=" " ind2=" ">
            <marc:subfield code="a">30547324</marc:subfield>
            <marc:subfield code="a">1166987791</marc:subfield>
        </marc:datafield>
        <marc:datafield tag="020" ind1=" " ind2=" ">
            <marc:subfield code="a">0306446766</marc:subfield>
        </marc:datafield>
        <marc:datafield tag="020" ind1=" " ind2=" ">
            <marc:subfield code="a">9780306446764</marc:subfield>
        </marc:datafield>
        <marc:datafield tag="035" ind1=" " ind2=" ">
            <marc:subfield code="a">611305</marc:subfield>
        </marc:datafield>
        <marc:datafield tag="035" ind1=" " ind2=" ">
            <marc:subfield code="a">(OCoLC)29845531</marc:subfield>
            <marc:subfield code="z">(OCoLC)30547324</marc:subfield>
            <marc:subfield code="z">(OCoLC)1166987791</marc:subfield>
        </marc:datafield>
        <marc:datafield tag="035" ind1=" " ind2=" ">
            <marc:subfield code="a">(DNAL)611305-naldb-Voyager</marc:subfield>
        </marc:datafield>
        <marc:datafield tag="035" ind1=" " ind2=" ">
            <marc:subfield code="z">(OCoLC)30547324</marc:subfield>
            <marc:subfield code="z">(OCoLC)1166987791</marc:subfield>
        </marc:datafield>
        <marc:datafield tag="040" ind1=" " ind2=" ">
            <marc:subfield code="a">DNLM/DLC</marc:subfield>
            <marc:subfield code="b">eng</marc:subfield>
            <marc:subfield code="e">rda</marc:subfield>
            <marc:subfield code="c">DLC</marc:subfield>
            <marc:subfield code="d">DAY</marc:subfield>
            <marc:subfield code="d">AGL</marc:subfield>
            <marc:subfield code="d">NLM</marc:subfield>
            <marc:subfield code="d">UKM</marc:subfield>
            <marc:subfield code="d">OCLCQ</marc:subfield>
            <marc:subfield code="d">BAKER</marc:subfield>
            <marc:subfield code="d">NLGGC</marc:subfield>
            <marc:subfield code="d">BTCTA</marc:subfield>
            <marc:subfield code="d">LVB</marc:subfield>
            <marc:subfield code="d">YDXCP</marc:subfield>
            <marc:subfield code="d">ZWZ</marc:subfield>
            <marc:subfield code="d">OCLCQ</marc:subfield>
            <marc:subfield code="d">UKMGB</marc:subfield>
            <marc:subfield code="d">BDX</marc:subfield>
            <marc:subfield code="d">WUM</marc:subfield>
            <marc:subfield code="d">OCLCQ</marc:subfield>
            <marc:subfield code="d">OCLCO</marc:subfield>
            <marc:subfield code="d">OCLCQ</marc:subfield>
            <marc:subfield code="d">OCLCF</marc:subfield>
            <marc:subfield code="d">OCLCO</marc:subfield>
            <marc:subfield code="d">TMC</marc:subfield>
            <marc:subfield code="d">AU@</marc:subfield>
            <marc:subfield code="d">OCLCO</marc:subfield>
            <marc:subfield code="d">OCLCA</marc:subfield>
            <marc:subfield code="d">L2U</marc:subfield>
            <marc:subfield code="d">LUN</marc:subfield>
            <marc:subfield code="d">KGN</marc:subfield>
        </marc:datafield>
        <marc:datafield tag="049" ind1=" " ind2=" ">
            <marc:subfield code="a">AGLL</marc:subfield>
        </marc:datafield>
        <marc:datafield tag="050" ind1="0" ind2="0">
            <marc:subfield code="a">QP188.T4</marc:subfield>
            <marc:subfield code="b">L33 1994</marc:subfield>
        </marc:datafield>
        <marc:datafield tag="070" ind1="0" ind2=" ">
            <marc:subfield code="a">QP901.A33</marc:subfield>
            <marc:subfield code="b">v.350</marc:subfield>
        </marc:datafield>
        <marc:datafield tag="072" ind1=" " ind2=" ">
            <marc:subfield code="a">X380</marc:subfield>
        </marc:datafield>
        <marc:datafield tag="072" ind1=" " ind2=" ">
            <marc:subfield code="a">X300</marc:subfield>
        </marc:datafield>
        <marc:datafield tag="245" ind1="0" ind2="0">
            <marc:subfield code="a">Lacrimal gland, tear film, and dry eye syndromes
                :</marc:subfield>
            <marc:subfield code="b">basic science and clinical relevance /</marc:subfield>
            <marc:subfield code="c">edited by David A. Sullivan ; associate editors, B. Britt
                Bomberg, Michele M. Cripps ; assistant editors, Darlene A. Dartt [and
                others].</marc:subfield>
        </marc:datafield>
        <marc:datafield tag="264" ind1=" " ind2="1">
            <marc:subfield code="a">New York :</marc:subfield>
            <marc:subfield code="b">Plenum Press,</marc:subfield>
            <marc:subfield code="c">©1994.</marc:subfield>
        </marc:datafield>
        <marc:datafield tag="300" ind1=" " ind2=" ">
            <marc:subfield code="a">xxii, 729 pages :</marc:subfield>
            <marc:subfield code="b">illustrations (some color) ;</marc:subfield>
            <marc:subfield code="c">26 cm.</marc:subfield>
        </marc:datafield>
        <marc:datafield tag="336" ind1=" " ind2=" ">
            <marc:subfield code="a">text</marc:subfield>
            <marc:subfield code="b">txt</marc:subfield>
            <marc:subfield code="2">rdacontent</marc:subfield>
        </marc:datafield>
        <marc:datafield tag="337" ind1=" " ind2=" ">
            <marc:subfield code="a">unmediated</marc:subfield>
            <marc:subfield code="b">n</marc:subfield>
            <marc:subfield code="2">rdamedia</marc:subfield>
        </marc:datafield>
        <marc:datafield tag="338" ind1=" " ind2=" ">
            <marc:subfield code="a">volume</marc:subfield>
            <marc:subfield code="b">nc</marc:subfield>
            <marc:subfield code="2">rdacarrier</marc:subfield>
        </marc:datafield>
        <marc:datafield tag="490" ind1="1" ind2=" ">
            <marc:subfield code="a">Advances in experimental medicine and biology ;</marc:subfield>
            <marc:subfield code="v">v. 350</marc:subfield>
        </marc:datafield>
        <marc:datafield tag="490" ind1="1" ind2=" ">
            <marc:subfield code="a">The Language of science</marc:subfield>
        </marc:datafield>
        <marc:datafield tag="504" ind1=" " ind2=" ">
            <marc:subfield code="a">Includes bibliographical references and index.</marc:subfield>
        </marc:datafield>
        <marc:datafield tag="520" ind1=" " ind2=" ">
            <marc:subfield code="a">This book is the proceedings of an antimicrobial symposium in
                November 1991 in Philadelphia. It focuses on methods and issues of in vitro testing
                in 17 chapters authored by laboratory scientists and representatives from industry.
                The purpose is to review antimicrobial susceptibility testing methods and issues
                important to clinical microbiologists in the 1990s. Because of increasing
                antimicrobial resistance and the changing health care climate, these topics are
                extremely important. Although not all viewpoints are represented equally, the range
                of issues covered is comprehensive. This book is best suited for clinical
                microbiologists and industry representatives, but government regulators, educators,
                and infectious disease clinicians also will benefit from its contents. Chapters are
                authored by recognized authorities. The illustrations represent data offered in oral
                presentations as projected slides. Each chapter is referenced, some voluminously and
                others offering only suggested readings. Especially useful topics are historical
                perspectives of antimicrobial testing, discussions of testing methods and
                interpretive problems, when and what to test, nontraditional approaches to quality
                control, and controversial issues resulting from health care changes of the 1990s.
                This is an excellent review and discussion of in vitro antimicrobial testing methods
                and controversial issues. Original data and data from the literature are used.
                Although it is slightly outdated, the proceedings occurred in 1991, and some
                chapters are sparsely referenced, it is an important resource for clinical
                microbiologists, university medical libraries, and those in industries related to
                antimicrobials andantimicrobial testing.</marc:subfield>
        </marc:datafield>
        <marc:datafield tag="505" ind1="0" ind2="0">
            <marc:subfield code="t">Regulation of Tear Secretion /</marc:subfield>
            <marc:subfield code="r">D. A. Dartt --</marc:subfield>
            <marc:subfield code="t">Anatomy and Innervation of Lacrimal Glands /</marc:subfield>
            <marc:subfield code="r">B. Walcott, R. H. Cameron and P. R. Brink --</marc:subfield>
            <marc:subfield code="t">Light and Electron Microscopic Morphology of Accessory Lacrimal
                Glands /</marc:subfield>
            <marc:subfield code="r">P. Seifert, M. Spitznas, F. Koch and A. Cusumano
                --</marc:subfield>
            <marc:subfield code="t">Immunohistochemistry and Protein Secretion in the Rat Lacrimal
                Gland: A Morphophysiological Study /</marc:subfield>
            <marc:subfield code="r">J. Singh, E. Adeghate, S. Burrows, F. C. Howarth and R. M.
                Williams --</marc:subfield>
            <marc:subfield code="t">Carbonic Anhydrase and Acinar Cell Heterogeneity in Rat and
                Rabbit Lacrimal Glands /</marc:subfield>
            <marc:subfield code="r">B. B. Bromberg, C. W. Hanemann, M. H. Welch, R. W. Beuerman and
                S. Githens --</marc:subfield>
            <marc:subfield code="t">Basement Membrane Modulation of Stimulated Secretion by Lacrimal
                Acinar Cells /</marc:subfield>
            <marc:subfield code="r">G. W. Laurie, J. D. Glass and R. A. Ogle --</marc:subfield>
            <marc:subfield code="t">Galactose-Binding Sites in the Acinar Cells of the Human
                Accessory Lacrimal Gland /</marc:subfield>
            <marc:subfield code="r">W. Breipohl, M. Spitznas, F. Sinowatz, O. Leip, W. Naib-Majani
                and A. Cusumano --</marc:subfield>
            <marc:subfield code="t">Thoughts on the Ductules of the Aging Human Lacrimal Gland
                /</marc:subfield>
            <marc:subfield code="r">O. G. Stasior and J. L. Roen --</marc:subfield>
            <marc:subfield code="t">Parenchyma Accompanying Major Extraglandular Ducts within the
                Rat Lacrimal Cord /</marc:subfield>
            <marc:subfield code="r">M. Lorber --</marc:subfield>
            <marc:subfield code="t">Protein Secretion and the Identification of Neurotransmitters in
                the Isolated Pig Lacrimal Gland /</marc:subfield>
            <marc:subfield code="r">J. Singh, E. Adeghate, S. Burrows, F. C. Howarth and T. Donath
                --</marc:subfield>
            <marc:subfield code="t">Anti-Muscarinic Acetylcholine Receptor-Like Immunoreactivity in
                Lacrimal Glands /</marc:subfield>
            <marc:subfield code="r">B. Walcott, R. Cameron, E. Grine, E. Roemer, M. Pastor and P. R.
                Brink --</marc:subfield>
            <marc:subfield code="t">Innervation and Mast Cells of the Rat Lacrimal Gland: The
                Effects of Age /</marc:subfield>
            <marc:subfield code="r">R. M. Williams, J. Singh and K. A. Sharkey --</marc:subfield>
            <marc:subfield code="t">Immunogold Localization of Prolactin in Acinar Cells of Lacrimal
                Gland /</marc:subfield>
            <marc:subfield code="r">R. L. Wood, K.-H. Park, J. P. Gierow and A. K. Mircheff
                --</marc:subfield>
            <marc:subfield code="t">Subcellular Organization of Ion Transporters in Lacrimal Acinar
                Cells: Secretagogue-Induced Dynamics /</marc:subfield>
            <marc:subfield code="r">A. K. Mircheff, Ross W. Lambert, Robert W. Lambert, C. A. Maves,
                J. P. Gierow and R. L. Wood</marc:subfield>
        </marc:datafield>
        <marc:datafield tag="505" ind1="8" ind2="0">
            <marc:subfield code="t">Effect of Acetylcholine on the Membrane Conductance of the
                Intralobular Duct Cells of the Rat Exorbital Lacrimal Gland /</marc:subfield>
            <marc:subfield code="r">Y. Saito and S. Kuwahara --</marc:subfield>
            <marc:subfield code="t">Circadian Rhythm of Lacrimal Secretion and Its Parameters,
                Determined in a Group of Healthy Individuals, and Its Potential Diagnostic and
                Therapeutic Significance /</marc:subfield>
            <marc:subfield code="r">A. Romano, A. Peisich and B. Madjarov --</marc:subfield>
            <marc:subfield code="t">Effects of Dihydrotestosterone and Prolactin on Lacrimal Gland
                Function /</marc:subfield>
            <marc:subfield code="r">D. W. Warren, A. M. Azzarolo, L. Becker, K. Bjerrum, R. L.
                Kaswan and A. K. Mircheff --</marc:subfield>
            <marc:subfield code="t">Na:H Exchanger Subtype Mediates Volume Regulation in Bovine
                Corneal Epithelial Cells /</marc:subfield>
            <marc:subfield code="r">P. Reinach, V. Ganapathy and V. Torres-Zamorano
                --</marc:subfield>
            <marc:subfield code="t">Endocytosis and Exocytosis in Rabbit Lacrimal Gland Acinar Cells
                /</marc:subfield>
            <marc:subfield code="r">J. P. Gierow, R. L. Wood and A. K. Mircheff --</marc:subfield>
            <marc:subfield code="t">Inositol Phosphate-Calcium Signalling System in Lacrimal Gland
                Cells /</marc:subfield>
            <marc:subfield code="r">J. W. Putney, Jr. and G. St. J. Bird --</marc:subfield>
            <marc:subfield code="t">Characterization of Rat Lacrimal Gland Protein Kinase C: Effects
                of Phorbol Esters and PKC Inhibitors on Histone Kinase Activity and Labelled Protein
                Discharge /</marc:subfield>
            <marc:subfield code="r">D. Zoukhri, P. Mauduit and B. Rossignol --</marc:subfield>
            <marc:subfield code="t">Inhibition of Lacrimal Function by Selective Opiate Agonists
                /</marc:subfield>
            <marc:subfield code="r">M. M. Cripps and D. J. Bennett --</marc:subfield>
            <marc:subfield code="t">Second Messenger Modulation of IgG Secretion from Chicken
                Lacrimal Gland /</marc:subfield>
            <marc:subfield code="r">R. H. Cameron, B. Walcott, S. F. Fan, M. Pastor, E. Roemer, E.
                Grine and P. R. Brink --</marc:subfield>
            <marc:subfield code="t">Identification of Sigma Receptors in Lacrimocytes and Their
                Therapeutic Implication in Dry Eye Syndrome /</marc:subfield>
            <marc:subfield code="r">R. D. Schoenwald, C. F. Barfknecht, S. Shirolkar, E. Xia and C.
                C. Ignace --</marc:subfield>
            <marc:subfield code="t">Role of Protein Kinase C in [alpha][subscript 1]-Adrenergic and
                Cholinergic Agonist Stimulated Protein Secretion /</marc:subfield>
            <marc:subfield code="r">R. R. Hodges, D. M. Dicker and D. A. Dartt --</marc:subfield>
            <marc:subfield code="t">Role of Membrane Channels in IgG Secretion by Plasma Cells in
                the Chicken Lacrimal Gland /</marc:subfield>
            <marc:subfield code="r">P. R. Brink, B. Walcott, E. Roemer, R. Cameron and M.
                Pastor</marc:subfield>
        </marc:datafield>
        <marc:datafield tag="505" ind1="8" ind2="0">
            <marc:subfield code="t">Binding Characteristics, Immunocytochemical Location and
                Hormonal Regulation of Androgen Receptors in Lacrimal Tissue /</marc:subfield>
            <marc:subfield code="r">F. J. Rocha, R. S. Kelleher, J. A. Edwards, J. D. O. Pena, M.
                Ono and D. A. Sullivan --</marc:subfield>
            <marc:subfield code="t">Regulation of Lacrimal Gland Immune Responses /</marc:subfield>
            <marc:subfield code="r">P. C. Montgomery, N. L. O'Sullivan, L. B. Martin, C. A.
                Skandera, J. V. Peppard and A. G. Pockley --</marc:subfield>
            <marc:subfield code="t">Lacrimal Antibody Response to Viral and Chlamydial Infections
                /</marc:subfield>
            <marc:subfield code="r">M. G. Friedman --</marc:subfield>
            <marc:subfield code="t">Neural-Endocrine Control of Secretory Component Synthesis by
                Lacrimal Gland Acinar Cells: Specificity, Temporal Characteristics and Molecular
                Basis /</marc:subfield>
            <marc:subfield code="r">R. W. Lambert, R. S. Kelleher, L. A. Wickham, J. Gao and D. A.
                Sullivan --</marc:subfield>
            <marc:subfield code="t">Lymphocyte Adhesive Interaction with Lacrimal Gland Acinar
                Epithelium Involves Carbohydrate Recognition /</marc:subfield>
            <marc:subfield code="r">N. L. O'Sullivan, R. Raja and P. C. Montgomery
                --</marc:subfield>
            <marc:subfield code="t">Subclass Expression of IgA in Lacrimal Glands of Patients with
                Sjogren's Syndrome /</marc:subfield>
            <marc:subfield code="r">M. Ono, K. Yoshino, K. Tsubota and I. Saito -- ^</marc:subfield>
        </marc:datafield>
        <marc:datafield tag="505" ind1="8" ind2="0">
            <marc:subfield code="t">Composition and Biophysical Properties of the Tear Film:
                Knowledge and Uncertainty /</marc:subfield>
            <marc:subfield code="r">J. M. Tiffany --</marc:subfield>
            <marc:subfield code="t">Structure and Function of the Tear Film /</marc:subfield>
            <marc:subfield code="r">P. N. Dilly --</marc:subfield>
            <marc:subfield code="t">Ocular Surface Changes Induced by Repeated Impression Cytology
                /</marc:subfield>
            <marc:subfield code="r">M. Rolando, V. Brezzo and G. Calabria --</marc:subfield>
            <marc:subfield code="t">Developmental Appearance of a Component of the Glycocalyx of the
                Ocular Surface Epithelium in the Rat /</marc:subfield>
            <marc:subfield code="r">H. Watanabe, A. S. Tisdale, S. J. Spurr-Michaud and I. K. Gipson
                --</marc:subfield>
            <marc:subfield code="t">Mixing of the Tear Film under the Eyelids /</marc:subfield>
            <marc:subfield code="r">D. M. Maurice --</marc:subfield>
            <marc:subfield code="t">Viscoelastic Properties of Human Tears and Polymer Solutions
                /</marc:subfield>
            <marc:subfield code="r">J. M. Tiffany --</marc:subfield>
            <marc:subfield code="t">Effect of Age on Human Tear Film Evaporation in Normals
                /</marc:subfield>
            <marc:subfield code="r">A. Tomlinson and C. Giesbrecht --</marc:subfield>
            <marc:subfield code="t">Advances in Ocular Tribology /</marc:subfield>
            <marc:subfield code="r">F. J. Holly and T. F. Holly --</marc:subfield>
            <marc:subfield code="t">Effect of Systemic Ingestion of Vitamin and Trace Element
                Dietary Supplements on the Stability of the Pre-Corneal Tear Film in Normal Subjects
                /</marc:subfield>
            <marc:subfield code="r">S. Patel, C. Ferrier and J. Plaskow -- ^</marc:subfield>
            <marc:subfield code="t">Patterns of Cytokeratin Expression in Impression Cytology
                Specimens from Normal Human Conjunctival Epithelium /</marc:subfield>
            <marc:subfield code="r">K. L. Krenzer and T. F. Freddo --</marc:subfield>
            <marc:subfield code="t">Increase in Tear Film Lipid Layer Thickness Following Treatment
                of Meibomian Gland Dysfunction /</marc:subfield>
            <marc:subfield code="r">D. R. Korb and J. V. Greiner --</marc:subfield>
            <marc:subfield code="t">Analysis and Function of the Human Tear Proteins
                /</marc:subfield>
            <marc:subfield code="r">A. Kijlstra and A. Kuizenga --</marc:subfield>
            <marc:subfield code="t">Tear Protein Composition and the Effects of Stimulus
                /</marc:subfield>
            <marc:subfield code="r">R. J. Fullard and D. Tucker --</marc:subfield>
            <marc:subfield code="t">Growth Factors in Human Tear Fluid and in Lacrimal Glands
                /</marc:subfield>
            <marc:subfield code="r">G.-B. van Setten, G. S. Schultz and S. Macauley
                --</marc:subfield>
            <marc:subfield code="t">Re-Examination of the Origin of Human Tear LDH /</marc:subfield>
            <marc:subfield code="r">T. Tsubai and M. Murai --</marc:subfield>
            <marc:subfield code="t">Tear Proteins and Enzymes in the Chimpanzee /</marc:subfield>
            <marc:subfield code="r">N. J. van Haeringen, V. M. W. Bodelier and P. S. J. Klaver
                --</marc:subfield>
            <marc:subfield code="t">Comparisons of Tear Proteins in the Cow, Horse, Dog and Rabbit
                /</marc:subfield>
            <marc:subfield code="r">H. J. Davidson, G. L. Blanchard and P. C. Montgomery --
                ^</marc:subfield>
            <marc:subfield code="t">Tear Protein G Originates from Denatured Tear Specific
                Prealbumin as Revealed by Anti-TSP Antibody /</marc:subfield>
            <marc:subfield code="r">J. Baguet, V. Claudon-Eyl and A. M. Gachon</marc:subfield>
        </marc:datafield>
        <marc:datafield tag="505" ind1="8" ind2="0">
            <marc:subfield code="t">Tear Lactoferrin Levels and Ocular Bacterial Flora in HIV
                Positive Patients /</marc:subfield>
            <marc:subfield code="r">S. E. Comerie-Smith, J. Nunez, M. Hosmer and R. L. Farris
                --</marc:subfield>
            <marc:subfield code="t">Vitronectin in Human Tears -- Protection Against Closed Eye
                Induced Inflammatory Damage /</marc:subfield>
            <marc:subfield code="r">R. A. Sack, A. Underwood, K. O. Tan and C. Morris
                --</marc:subfield>
            <marc:subfield code="t">Mucopolysaccharide Degrading Enzymes (MPDE) in the Tear Fluid: A
                New Diagnostic Test for Rapid Detection of Acute Ocular Infections /</marc:subfield>
            <marc:subfield code="r">A. Romano --</marc:subfield>
            <marc:subfield code="t">Tear Immunoglobulins and Lysozyme Levels in Corneal Ulcers
                /</marc:subfield>
            <marc:subfield code="r">H. Lal and A. K. Khurana --</marc:subfield>
            <marc:subfield code="t">Mucus and Pseudomonas aeruginosa Adherence to the Cornea
                /</marc:subfield>
            <marc:subfield code="r">S. M. J. Fleiszig, T. S. Zaidi and G. B. Pier --</marc:subfield>
            <marc:subfield code="t">Measurement of Human Tear Lysozyme Using a Novel Synthetic
                Substrate /</marc:subfield>
            <marc:subfield code="r">M. D. Sherman, V. Cevallos, R. Gabriel, C. Dawson and R. S.
                Stephens --</marc:subfield>
            <marc:subfield code="t">Retrospective Use of Frozen Schirmer Strips for the Measurement
                of Tear Lysozyme /</marc:subfield>
            <marc:subfield code="r">M. D. Sherman, J. P. Whitcher and T. E. Daniels
                --</marc:subfield>
            <marc:subfield code="t">Rapid Measurement of Selected Tear Proteins in Health and
                Disease Using the Touch Tear Microassay System /</marc:subfield>
            <marc:subfield code="r">G. N. Foulks, K. Baratz and P. Ferrone --</marc:subfield>
            <marc:subfield code="t">Tear Film: Pharmacological Approaches and Effects
                /</marc:subfield>
            <marc:subfield code="r">J. P. Gilbard --</marc:subfield>
            <marc:subfield code="t">Influence of Various Pharmaceutical Agents on Tear Flow as
                Assessed by Fluorophotometry /</marc:subfield>
            <marc:subfield code="r">M. J. Gobbels and M. Spitznas --</marc:subfield>
            <marc:subfield code="t">Neural Stimulation of Conjunctival Goblet Cell Mucous Secretion
                in Rats /</marc:subfield>
            <marc:subfield code="r">T. L. Kessler and D. A. Dartt --</marc:subfield>
            <marc:subfield code="t">Bioavailability of Prednisolone in Rabbits: Comparison of a
                High-Viscosity Gel and an Aqueous Suspension -- Single- and Repeated Applications
                /</marc:subfield>
            <marc:subfield code="r">S. Johansen, E. Rask-Pedersen and J. U. Prause
                --</marc:subfield>
            <marc:subfield code="t">Tear Film -- Contact Lens Interaction /</marc:subfield>
            <marc:subfield code="r">D. R. Korb --</marc:subfield>
            <marc:subfield code="t">Electrophoretic Patterns of Human Denatured Tear Proteins and
                Glycoproteins from Normal Subjects and Soft Contact Lens Wearers /</marc:subfield>
            <marc:subfield code="r">V. Claudon-Eyl and J. Baguet --</marc:subfield>
            <marc:subfield code="t">Refractive Index of Tears in Normals and Soft Lens Wearers
                /</marc:subfield>
            <marc:subfield code="r">S. Patel, L. Anderson and K. Cairney</marc:subfield>
        </marc:datafield>
        <marc:datafield tag="505" ind1="8" ind2="0">
            <marc:subfield code="t">Role of Tear Deposits on Hydrogel Contact Lenses Induced
                Bacterial Keratitis: Pseudomonas aeruginosa Abhesives /</marc:subfield>
            <marc:subfield code="r">M. Portoles and M. F. Refojo --</marc:subfield>
            <marc:subfield code="t">Closed-Eye Challenge /</marc:subfield>
            <marc:subfield code="r">B. A. Holden, K. O. Tan and R. A. Sack --</marc:subfield>
            <marc:subfield code="t">Dry Eye Therapy: Evaluation of Current Directions and Clinical
                Trials /</marc:subfield>
            <marc:subfield code="r">M. B. Abelson and E. Knight --</marc:subfield>
            <marc:subfield code="t">Artificial Tear Issues /</marc:subfield>
            <marc:subfield code="r">M. J. Sibley --</marc:subfield>
            <marc:subfield code="t">Evaluation of Effects of a Physiologic Artificial Tear on the
                Corneal Epithelial Barrier: Electrical Resistance and Carboxyfluorescein
                Permeability /</marc:subfield>
            <marc:subfield code="r">J. L. Ubels, K. K. Williams, D. L. Bernal and H. F. Edelhauser
                --</marc:subfield>
            <marc:subfield code="t">Evaluation of a Physiological Tear Substitute in Patients with
                Keratoconjunctivitis Sicca /</marc:subfield>
            <marc:subfield code="r">J. D. Nelson, M. M. Drake, J. T. Brewer, Jr. and M. Tuley
                --</marc:subfield>
            <marc:subfield code="t">Scanning Electron Micrographic Comparison of the Effects of Two
                Preservative-Free Artificial Tear Solutions on the Corneal Epithelium as Compared to
                a Phosphate Buffered Saline and a 0.02% Benzalkonium Chloride Control
                /</marc:subfield>
            <marc:subfield code="r">K. Schaefer, M. A. George, M. B. Abelson and C. Garofalo
                --</marc:subfield>
            <marc:subfield code="t">Unique Therapeutic Artificial Tear Formulation /</marc:subfield>
            <marc:subfield code="r">J. P. Gilbard and S. R. Rossi --</marc:subfield>
            <marc:subfield code="t">Non-Sjogren Dry Eye: Pathogenesis, Diagnosis and Animal Models
                /</marc:subfield>
            <marc:subfield code="r">A. J. Bron --</marc:subfield>
            <marc:subfield code="t">Abnormalities of the Structure of the Superficial Lipid Layer on
                the In Vivo Dry-Eye Tear Film /</marc:subfield>
            <marc:subfield code="r">M. G. Doane --</marc:subfield>
            <marc:subfield code="t">Tear Osmolarity -- a New Gold Standard? /</marc:subfield>
            <marc:subfield code="r">R. L. Farris --</marc:subfield>
            <marc:subfield code="t">Micropachometric Differentiation of Dry Eye Syndromes
                /</marc:subfield>
            <marc:subfield code="r">H. W. Roth and D. L. MacKeen --</marc:subfield>
            <marc:subfield code="t">Decreased Tear Secretion in Chernobyl Children: External Eye
                Disorders in Children Subjected to Long-Term Low-Dose Radiation /</marc:subfield>
            <marc:subfield code="r">D. Gamus, Z. Weschler, S. Greenberg and A. Romano
                --</marc:subfield>
            <marc:subfield code="t">Lacrimal Dysfunction in Pediatric Acquired Immunodeficiency
                Syndrome /</marc:subfield>
            <marc:subfield code="r">R. A. Neves, D. de Freitas, E. Sato, C. Oliveira and R. Belfort,
                Jr. --</marc:subfield>
            <marc:subfield code="t">Keratoconjunctivitis Sicca in HIV-1 Infected Female Patients
                /</marc:subfield>
            <marc:subfield code="r">J. A. Lucca, J. S. Kung and R. L. Farris</marc:subfield>
        </marc:datafield>
        <marc:datafield tag="505" ind1="8" ind2="0">
            <marc:subfield code="t">Increase of the Blink Interval in Ophthalmic Procedures
                /</marc:subfield>
            <marc:subfield code="r">H. Takano, E. Takamura, K. Yoshino and K. Tsubota
                --</marc:subfield>
            <marc:subfield code="t">Changes in Tear Ion Concentrations in Dry-Eye Disorders
                /</marc:subfield>
            <marc:subfield code="r">J. P. Gilbard and S. R. Rossi --</marc:subfield>
            <marc:subfield code="t">Quantitative Cellular Evaluation of Conjunctival Squamous
                Metaplasia in the Dry Eye Patient /</marc:subfield>
            <marc:subfield code="r">E. Takamura, H. Takano, K. Yoshino, K. Negoro, K. Tsubota and T.
                Kobayashi --</marc:subfield>
            <marc:subfield code="t">Topical Anesthetic Induced Pain as a Diagnostic Tool for
                Keratoconjunctivitis Sicca (KCS) /</marc:subfield>
            <marc:subfield code="r">H. H. Stolze, A. Volprecht and U. Welter --</marc:subfield>
            <marc:subfield code="t">Lacrimation Kinetics as Determined by a Schirmer-Type Technique
                /</marc:subfield>
            <marc:subfield code="r">F. J. Holly --</marc:subfield>
            <marc:subfield code="t">Precise Method of Using Rose Bengal in the Evaluation of Dry Eye
                and the Detection of Changes in Its Severity /</marc:subfield>
            <marc:subfield code="r">M. A. George, M. B. Abelson, K. Schaefer, M. Mooshian and D.
                Weintraub --</marc:subfield>
            <marc:subfield code="t">Dry Eye Syndromes: Treatment and Clinical Trials
                /</marc:subfield>
            <marc:subfield code="r">M. A. Lemp --</marc:subfield>
            <marc:subfield code="t">Keratoprosthesis in End-Stage Dry Eye /</marc:subfield>
            <marc:subfield code="r">C. H. Dohlman and M. Doane --</marc:subfield>
            <marc:subfield code="t">Amylase in Mare Lacrimale in Patients with Submandibular
                Salivary Gland Transplantation to the Lacrimal Basin /</marc:subfield>
            <marc:subfield code="r">J. Murube, M. G. Marcos and R. Javate --</marc:subfield>
            <marc:subfield code="t">Subjective Approach to the Treatment of Dry Eye Syndrome
                /</marc:subfield>
            <marc:subfield code="r">R. S. Herrick --</marc:subfield>
            <marc:subfield code="t">Simulation of Lacrimal Gland Output: a Tear Jet for Replacing
                Eye Moisture in Sjogren's Syndrome /</marc:subfield>
            <marc:subfield code="r">J. H. Bertera --</marc:subfield>
            <marc:subfield code="t">Characteristics of a Canine Model of KCS: Effective Treatment
                with Topical Cyclosporine /</marc:subfield>
            <marc:subfield code="r">R. L. Kaswan --</marc:subfield>
            <marc:subfield code="t">Treatment of Severe Eye Dryness and Problematic Eye Lesions with
                Enriched Bovine Colostrum Lactoserum /</marc:subfield>
            <marc:subfield code="r">C. Chaumeil, S. Liotet and O. Kogbe --</marc:subfield>
            <marc:subfield code="t">Efficiency of Short-Wave Diathermy and Laser Stimulation of the
                Lacrimal Gland in the Treatment of Dry Eye Syndrome /</marc:subfield>
            <marc:subfield code="r">T. Kecik, I. Switka-Wieclawska, L. Portacha and J. Ciszewska
                --</marc:subfield>
            <marc:subfield code="t">Effect of Collagen Punctal Occlusion on Tear Stability and
                Volume /</marc:subfield>
            <marc:subfield code="r">S. Patel and D. Grierson --</marc:subfield>
            <marc:subfield code="t">Sjogren's Syndrome: Immunologic and Neuroendocrine Mechanisms
                /</marc:subfield>
            <marc:subfield code="r">R. I. Fox and I. Saito</marc:subfield>
        </marc:datafield>
        <marc:datafield tag="505" ind1="8" ind2="0">
            <marc:subfield code="t">Murine Models of Sjogren's Syndrome /</marc:subfield>
            <marc:subfield code="r">D. A. Jabs and R. A. Prendergast --</marc:subfield>
            <marc:subfield code="t">Utilization of the Non-Obese Diabetic (NOD) Mouse as an Animal
                Model for the Study of Secondary Sjogren's Syndrome /</marc:subfield>
            <marc:subfield code="r">M. G. Humphreys-Beher, Y. Hu, Y. Nakagawa, P.-L. Wang and K. R.
                Purushotham --</marc:subfield>
            <marc:subfield code="t">Expression of Granzyme A and Perforin in Lacrimal Gland of
                Sjogren's Syndrome /</marc:subfield>
            <marc:subfield code="r">K. Tsubota, I. Saito and N. Miyasaka --</marc:subfield>
            <marc:subfield code="t">Epstein-Barr Virus and the Lacrimal Gland Pathology of Sjogren's
                Syndrome /</marc:subfield>
            <marc:subfield code="r">S. C. Pflugfelder, C. A. Crouse and S. S. Atherton
                --</marc:subfield>
            <marc:subfield code="t">Sjogren's Syndrome (SS) and Epstein-Barr Virus (EBV)
                Reactivation /</marc:subfield>
            <marc:subfield code="r">I. Toda, M. Ono, H. Fujishima and K. Tsubota --</marc:subfield>
            <marc:subfield code="t">Hypothesis for Autoantigen Presentation and T Cell Activation
                /</marc:subfield>
            <marc:subfield code="r">A. K. Mircheff, J. P. Gierow, R. L. Wood, R. H. Akashi and F. M.
                Hofman --</marc:subfield>
            <marc:subfield code="t">Gingival Impression: A New Biological Test for Xerostomia in
                Diagnosis of Sjogren's Syndrome /</marc:subfield>
            <marc:subfield code="r">S. Liotet, M. J. Wattiaux and Y. Morin --</marc:subfield>
            <marc:subfield code="t">Sjogren's Syndrome Diagnosis: A Comparison of Conjunctival and
                Gingival Impressions and Salivary Gland Biopsy /</marc:subfield>
            <marc:subfield code="r">S. Liotet, O. Kogbe and M. J. Wattiaux --</marc:subfield>
            <marc:subfield code="t">Correlation of Labial Salivary Gland Biopsies with Ocular and
                Oral Findings in Patients with Sjogren's Syndrome /</marc:subfield>
            <marc:subfield code="r">J. P. Whitcher, T. E. Daniels and M. D. Sherman
                --</marc:subfield>
            <marc:subfield code="t">Comparative Study Between Tear Protein Electrophoresis and
                Accessory Salivary Gland Biopsy in Sjogren's Syndrome /</marc:subfield>
            <marc:subfield code="r">F. Carre, S. Liotet and M. J. Wattiaux --</marc:subfield>
            <marc:subfield code="t">Sjogren's Syndrome -- Close to Cause and Cure? /</marc:subfield>
            <marc:subfield code="r">N. Talal --</marc:subfield>
            <marc:subfield code="t">Androgen-induced suppression of autoimmune disease in lacrimal
                glands of mouse models of Sjogren's syndrome /</marc:subfield>
            <marc:subfield code="r">D. A. Sullivan, H. Ariga, A. C. Vendramini, F. J. Rocha, M. Ono
                and E. H. Sato --</marc:subfield>
            <marc:subfield code="t">Effect of Sodium Sucrose-Sulfate on the Ocular Surface of
                Patients with Keratoconjunctivitis Sicca in Sjogren's Syndrome /</marc:subfield>
            <marc:subfield code="r">J. U. Prause, K. Bjerrum and S. Johansen</marc:subfield>
        </marc:datafield>
        <marc:datafield tag="505" ind1="8" ind2="0">
            <marc:subfield code="t">Comparative Efficacy of Androgen Analogues in Suppressing
                Lacrimal Gland Inflammation in a Mouse Model (MRL/lpr) of Sjogren's Syndrome
                /</marc:subfield>
            <marc:subfield code="r">F. J. Rocha, E. H. Sato, B. D. Sullivan and D. A. Sullivan
                --</marc:subfield>
            <marc:subfield code="t">National Sjogren's Syndrome Association /</marc:subfield>
            <marc:subfield code="r">B. Latiff --</marc:subfield>
            <marc:subfield code="t">Sjogren's Syndrome Foundation Inc. /</marc:subfield>
            <marc:subfield code="r">E. K. Harris --</marc:subfield>
            <marc:subfield code="t">Advertisement: Lacrimedics, Inc.</marc:subfield>
        </marc:datafield>
        <marc:datafield tag="591" ind1=" " ind2=" ">
            <marc:subfield code="b">NAL Reclamation</marc:subfield>
        </marc:datafield>
        <marc:datafield tag="650" ind1=" " ind2="0">
            <marc:subfield code="a">Lacrimal apparatus</marc:subfield>
            <marc:subfield code="x">Physiology</marc:subfield>
            <marc:subfield code="v">Congresses.</marc:subfield>
        </marc:datafield>
        <marc:datafield tag="650" ind1=" " ind2="0">
            <marc:subfield code="a">Tears</marc:subfield>
            <marc:subfield code="v">Congresses.</marc:subfield>
        </marc:datafield>
        <marc:datafield tag="650" ind1=" " ind2="0">
            <marc:subfield code="a">Dry eye syndromes</marc:subfield>
            <marc:subfield code="v">Congresses.</marc:subfield>
        </marc:datafield>
        <marc:datafield tag="650" ind1=" " ind2="0">
            <marc:subfield code="a">Sjogren's syndrome</marc:subfield>
            <marc:subfield code="v">Congresses.</marc:subfield>
        </marc:datafield>
        <marc:datafield tag="650" ind1="1" ind2="2">
            <marc:subfield code="a">Lacrimal Apparatus.</marc:subfield>
        </marc:datafield>
        <marc:datafield tag="650" ind1="2" ind2="2">
            <marc:subfield code="a">Dry Eye Syndromes</marc:subfield>
            <marc:subfield code="x">diagnosis.</marc:subfield>
        </marc:datafield>
        <marc:datafield tag="650" ind1="2" ind2="2">
            <marc:subfield code="a">Dry Eye Syndromes</marc:subfield>
            <marc:subfield code="x">therapy.</marc:subfield>
        </marc:datafield>
        <marc:datafield tag="650" ind1="2" ind2="2">
            <marc:subfield code="a">Tears</marc:subfield>
            <marc:subfield code="x">physiology.</marc:subfield>
        </marc:datafield>
        <marc:datafield tag="655" ind1=" " ind2="2">
            <marc:subfield code="a">Congress.</marc:subfield>
        </marc:datafield>
        <marc:datafield tag="655" ind1=" " ind2="7">
            <marc:subfield code="a">Conference papers and proceedings.</marc:subfield>
            <marc:subfield code="2">fast</marc:subfield>
            <marc:subfield code="0">(OCoLC)fst01423772</marc:subfield>
        </marc:datafield>
        <marc:datafield tag="655" ind1=" " ind2="7">
            <marc:subfield code="a">Congresses (form)</marc:subfield>
            <marc:subfield code="0">(NL-LeOCL)088142469</marc:subfield>
            <marc:subfield code="2">gtt</marc:subfield>
        </marc:datafield>
        <marc:datafield tag="655" ind1=" " ind2="7">
            <marc:subfield code="a">Conference papers and proceedings.</marc:subfield>
            <marc:subfield code="2">lcgft</marc:subfield>
            <marc:subfield code="0"
                >http://id.loc.gov/authorities/genreForms/gf2014026068</marc:subfield>
        </marc:datafield>
        <marc:datafield tag="700" ind1="1" ind2=" ">
            <marc:subfield code="a">Sullivan, David A.</marc:subfield>
        </marc:datafield>
        <marc:datafield tag="711" ind1="2" ind2=" ">
            <marc:subfield code="a">International Conference on the Lacrimal Gland, Tear Film, and
                Dry Eye Syndromes: Basic Science and Clinical Relevance</marc:subfield>
            <marc:subfield code="d">(1992 :</marc:subfield>
            <marc:subfield code="c">Southampton, Bermuda Islands)</marc:subfield>
        </marc:datafield>
        <marc:datafield tag="830" ind1=" " ind2="0">
            <marc:subfield code="a">Advances in experimental medicine and biology ;</marc:subfield>
            <marc:subfield code="v">v. 350.</marc:subfield>
        </marc:datafield>
        <marc:datafield tag="830" ind1=" " ind2="0">
            <marc:subfield code="a">Language of science</marc:subfield>
        </marc:datafield>
        <marc:datafield tag="912" ind1=" " ind2=" ">
            <marc:subfield code="a">nalcatalog</marc:subfield>
        </marc:datafield>
        <marc:datafield tag="930" ind1=" " ind2=" ">
            <marc:subfield code="a">19940720</marc:subfield>
            <marc:subfield code="b">19940722</marc:subfield>
            <marc:subfield code="c">00000000</marc:subfield>
        </marc:datafield>
        <marc:datafield tag="938" ind1=" " ind2=" ">
            <marc:subfield code="a">Baker &amp; Taylor</marc:subfield>
            <marc:subfield code="b">BKTY</marc:subfield>
            <marc:subfield code="c">304.00</marc:subfield>
            <marc:subfield code="d">304.00</marc:subfield>
            <marc:subfield code="i">0306446766</marc:subfield>
            <marc:subfield code="n">0002431547</marc:subfield>
            <marc:subfield code="s">active</marc:subfield>
        </marc:datafield>
        <marc:datafield tag="938" ind1=" " ind2=" ">
            <marc:subfield code="a">Brodart</marc:subfield>
            <marc:subfield code="b">BROD</marc:subfield>
            <marc:subfield code="n">46707506</marc:subfield>
            <marc:subfield code="c">$145.00</marc:subfield>
        </marc:datafield>
        <marc:datafield tag="938" ind1=" " ind2=" ">
            <marc:subfield code="a">Baker and Taylor</marc:subfield>
            <marc:subfield code="b">BTCP</marc:subfield>
            <marc:subfield code="n">94002222</marc:subfield>
        </marc:datafield>
        <marc:datafield tag="938" ind1=" " ind2=" ">
            <marc:subfield code="a">YBP Library Services</marc:subfield>
            <marc:subfield code="b">YANK</marc:subfield>
            <marc:subfield code="n">171230</marc:subfield>
        </marc:datafield>
        <marc:datafield tag="945" ind1=" " ind2=" ">
            <marc:subfield code="d">sp</marc:subfield>
            <marc:subfield code="e">94/06/23</marc:subfield>
            <marc:subfield code="f">sp</marc:subfield>
            <marc:subfield code="g">94/06/23</marc:subfield>
            <marc:subfield code="n">1</marc:subfield>
        </marc:datafield>
        <marc:datafield tag="946" ind1=" " ind2=" ">
            <marc:subfield code="a">Other US</marc:subfield>
        </marc:datafield>
        <marc:datafield tag="994" ind1=" " ind2=" ">
            <marc:subfield code="a">92</marc:subfield>
            <marc:subfield code="b">AGL</marc:subfield>
        </marc:datafield>
    </marc:record>