
    <marc:record>
        <marc:leader>07053cam a22006374a 4500</marc:leader>
        <marc:controlfield tag="001">9915470371207426</marc:controlfield>
        <marc:controlfield tag="005">20221102002353.0</marc:controlfield>
        <marc:controlfield tag="006">m u </marc:controlfield>
        <marc:controlfield tag="007">co ugu||||||||</marc:controlfield>
        <marc:controlfield tag="008">070131s2007 moua b 001 0 eng </marc:controlfield>
        <marc:datafield tag="010" ind1=" " ind2=" ">
            <marc:subfield code="a"> 2007275421</marc:subfield>
        </marc:datafield>
        <marc:datafield tag="016" ind1="7" ind2=" ">
            <marc:subfield code="a">CAT30974628</marc:subfield>
            <marc:subfield code="2">DNAL</marc:subfield>
        </marc:datafield>
        <marc:datafield tag="016" ind1="7" ind2=" ">
            <marc:subfield code="a">000041254950</marc:subfield>
            <marc:subfield code="2">AU</marc:subfield>
        </marc:datafield>
        <marc:datafield tag="016" ind1="7" ind2=" ">
            <marc:subfield code="a">101298326</marc:subfield>
            <marc:subfield code="2">DNLM</marc:subfield>
        </marc:datafield>
        <marc:datafield tag="019" ind1=" " ind2=" ">
            <marc:subfield code="a">82221207</marc:subfield>
            <marc:subfield code="a">141188109</marc:subfield>
            <marc:subfield code="a">1049023450</marc:subfield>
            <marc:subfield code="a">1055591884</marc:subfield>
            <marc:subfield code="a">1058380373</marc:subfield>
            <marc:subfield code="a">1060670697</marc:subfield>
            <marc:subfield code="a">1089418614</marc:subfield>
            <marc:subfield code="a">1117847615</marc:subfield>
            <marc:subfield code="a">1125129426</marc:subfield>
            <marc:subfield code="a">1229791477</marc:subfield>
            <marc:subfield code="a">1237773806</marc:subfield>
        </marc:datafield>
        <marc:datafield tag="020" ind1=" " ind2=" ">
            <marc:subfield code="a">9781416024064</marc:subfield>
        </marc:datafield>
        <marc:datafield tag="020" ind1=" " ind2=" ">
            <marc:subfield code="a">1416024069</marc:subfield>
        </marc:datafield>
        <marc:datafield tag="020" ind1=" " ind2=" ">
            <marc:subfield code="a">9781437710618</marc:subfield>
        </marc:datafield>
        <marc:datafield tag="020" ind1=" " ind2=" ">
            <marc:subfield code="a">1437710611</marc:subfield>
        </marc:datafield>
        <marc:datafield tag="035" ind1=" " ind2=" ">
            <marc:subfield code="a">974628</marc:subfield>
        </marc:datafield>
        <marc:datafield tag="035" ind1=" " ind2=" ">
            <marc:subfield code="a">(OCoLC)84729971</marc:subfield>
            <marc:subfield code="z">(OCoLC)82221207</marc:subfield>
            <marc:subfield code="z">(OCoLC)141188109</marc:subfield>
            <marc:subfield code="z">(OCoLC)1049023450</marc:subfield>
            <marc:subfield code="z">(OCoLC)1055591884</marc:subfield>
            <marc:subfield code="z">(OCoLC)1058380373</marc:subfield>
            <marc:subfield code="z">(OCoLC)1060670697</marc:subfield>
            <marc:subfield code="z">(OCoLC)1089418614</marc:subfield>
            <marc:subfield code="z">(OCoLC)1117847615</marc:subfield>
            <marc:subfield code="z">(OCoLC)1125129426</marc:subfield>
            <marc:subfield code="z">(OCoLC)1229791477</marc:subfield>
            <marc:subfield code="z">(OCoLC)1237773806</marc:subfield>
        </marc:datafield>
        <marc:datafield tag="035" ind1=" " ind2=" ">
            <marc:subfield code="a">(DNAL)974628-naldb-Voyager</marc:subfield>
        </marc:datafield>
        <marc:datafield tag="035" ind1=" " ind2=" ">
            <marc:subfield code="z">(OCoLC)82221207</marc:subfield>
            <marc:subfield code="z">(OCoLC)141188109</marc:subfield>
            <marc:subfield code="z">(OCoLC)1049023450</marc:subfield>
            <marc:subfield code="z">(OCoLC)1055591884</marc:subfield>
            <marc:subfield code="z">(OCoLC)1058380373</marc:subfield>
            <marc:subfield code="z">(OCoLC)1060670697</marc:subfield>
            <marc:subfield code="z">(OCoLC)1089418614</marc:subfield>
            <marc:subfield code="z">(OCoLC)1117847615</marc:subfield>
            <marc:subfield code="z">(OCoLC)1125129426</marc:subfield>
            <marc:subfield code="z">(OCoLC)1229791477</marc:subfield>
            <marc:subfield code="z">(OCoLC)1237773806</marc:subfield>
        </marc:datafield>
        <marc:datafield tag="040" ind1=" " ind2=" ">
            <marc:subfield code="a">NLM</marc:subfield>
            <marc:subfield code="b">eng</marc:subfield>
            <marc:subfield code="c">NLM</marc:subfield>
            <marc:subfield code="d">AGL</marc:subfield>
            <marc:subfield code="d">YDXCP</marc:subfield>
            <marc:subfield code="d">BAKER</marc:subfield>
            <marc:subfield code="d">IPL</marc:subfield>
            <marc:subfield code="d">KKS</marc:subfield>
            <marc:subfield code="d">MUQ</marc:subfield>
            <marc:subfield code="d">BTCTA</marc:subfield>
            <marc:subfield code="d">AU@</marc:subfield>
            <marc:subfield code="d">WUOHS</marc:subfield>
            <marc:subfield code="d">DLC</marc:subfield>
            <marc:subfield code="d">SOI</marc:subfield>
            <marc:subfield code="d">OCLCF</marc:subfield>
            <marc:subfield code="d">OVY</marc:subfield>
            <marc:subfield code="d">OCLCQ</marc:subfield>
            <marc:subfield code="d">OCLCO</marc:subfield>
            <marc:subfield code="d">PAU</marc:subfield>
            <marc:subfield code="d">OCLCA</marc:subfield>
            <marc:subfield code="d">OCLCQ</marc:subfield>
            <marc:subfield code="d">LVT</marc:subfield>
            <marc:subfield code="d">OCLCQ</marc:subfield>
            <marc:subfield code="d">NLM</marc:subfield>
            <marc:subfield code="d">OCLCO</marc:subfield>
            <marc:subfield code="d">OCLCA</marc:subfield>
            <marc:subfield code="d">OCLCO</marc:subfield>
        </marc:datafield>
        <marc:datafield tag="042" ind1=" " ind2=" ">
            <marc:subfield code="a">pcc</marc:subfield>
        </marc:datafield>
        <marc:datafield tag="049" ind1=" " ind2=" ">
            <marc:subfield code="a">AGLL</marc:subfield>
        </marc:datafield>
        <marc:datafield tag="050" ind1="0" ind2="0">
            <marc:subfield code="a">SF951</marc:subfield>
            <marc:subfield code="b">.E557 2007</marc:subfield>
        </marc:datafield>
        <marc:datafield tag="070" ind1="0" ind2=" ">
            <marc:subfield code="a">SF951</marc:subfield>
            <marc:subfield code="b">.E682 2007</marc:subfield>
        </marc:datafield>
        <marc:datafield tag="130" ind1="0" ind2=" ">
            <marc:subfield code="a">Equine infectious diseases (Sellon)</marc:subfield>
        </marc:datafield>
        <marc:datafield tag="245" ind1="1" ind2="0">
            <marc:subfield code="a">Equine infectious diseases /</marc:subfield>
            <marc:subfield code="c">[edited by] Debra C. Sellon, Maureen T. Long.</marc:subfield>
        </marc:datafield>
        <marc:datafield tag="260" ind1=" " ind2=" ">
            <marc:subfield code="a">St. Louis, Mo. :</marc:subfield>
            <marc:subfield code="b">Saunders Elsevier,</marc:subfield>
            <marc:subfield code="c">©2007.</marc:subfield>
        </marc:datafield>
        <marc:datafield tag="300" ind1=" " ind2=" ">
            <marc:subfield code="a">xvii, 653 pages :</marc:subfield>
            <marc:subfield code="b">illustrations +</marc:subfield>
            <marc:subfield code="e">1 CD-ROM (4 3/4 in.)</marc:subfield>
        </marc:datafield>
        <marc:datafield tag="336" ind1=" " ind2=" ">
            <marc:subfield code="a">text</marc:subfield>
            <marc:subfield code="b">txt</marc:subfield>
            <marc:subfield code="2">rdacontent</marc:subfield>
        </marc:datafield>
        <marc:datafield tag="337" ind1=" " ind2=" ">
            <marc:subfield code="a">unmediated</marc:subfield>
            <marc:subfield code="b">n</marc:subfield>
            <marc:subfield code="2">rdamedia</marc:subfield>
        </marc:datafield>
        <marc:datafield tag="338" ind1=" " ind2=" ">
            <marc:subfield code="a">volume</marc:subfield>
            <marc:subfield code="b">nc</marc:subfield>
            <marc:subfield code="2">rdacarrier</marc:subfield>
        </marc:datafield>
        <marc:datafield tag="504" ind1=" " ind2=" ">
            <marc:subfield code="a">Includes bibliographical references and index.</marc:subfield>
        </marc:datafield>
        <marc:datafield tag="505" ind1="0" ind2="0">
            <marc:subfield code="t">Respiratory infections</marc:subfield>
            <marc:subfield code="r">Elizabeth G. Davis, David E. Freeman, Joanne Hardy
                --</marc:subfield>
            <marc:subfield code="t">Cardiovascular infections</marc:subfield>
            <marc:subfield code="r">Celia M. Marr --</marc:subfield>
            <marc:subfield code="t">Gastrointestinal and peritoneal infections</marc:subfield>
            <marc:subfield code="r">L. Chris Sanchez --</marc:subfield>
            <marc:subfield code="t">Central nervous system infections</marc:subfield>
            <marc:subfield code="r">Kathy K. Seino, Maureen T. Long --</marc:subfield>
            <marc:subfield code="t">Infections of muscle, joint, and bone</marc:subfield>
            <marc:subfield code="r">W. Wesley Sutter, Alicia L. Bertone --</marc:subfield>
            <marc:subfield code="t">Neonatal septicemia</marc:subfield>
            <marc:subfield code="r">L. Chris Sanchez --</marc:subfield>
            <marc:subfield code="t">Skin infections</marc:subfield>
            <marc:subfield code="r">Dawn Logas, Pamela E. Ginn --</marc:subfield>
            <marc:subfield code="t">Reproductive tract infections</marc:subfield>
            <marc:subfield code="r">Ahmed Tibary, Cheryl L. Fite --</marc:subfield>
            <marc:subfield code="t">Urinary tract infections</marc:subfield>
            <marc:subfield code="r">Dana N. Zimmel --</marc:subfield>
            <marc:subfield code="t">Ocular infections</marc:subfield>
            <marc:subfield code="r">Carmen M.H. Colitz, Vanessa Kuonen --</marc:subfield>
            <marc:subfield code="t">Laboratory diagnosis of viral infections</marc:subfield>
            <marc:subfield code="r">J. LIndsay Oaks --</marc:subfield>
            <marc:subfield code="t">Equine influenza infection</marc:subfield>
            <marc:subfield code="r">Gabrielle A. Landolt, Hugh G.G. Townsend, D. Paul Lunn
                --</marc:subfield>
            <marc:subfield code="t">Equine herpesviruses</marc:subfield>
            <marc:subfield code="r">Josh Slater --</marc:subfield>
            <marc:subfield code="t">Equine viral arteritis</marc:subfield>
            <marc:subfield code="r">Udeni B.R. Balasuriya, N. James MacLachlan --</marc:subfield>
            <marc:subfield code="t">African horse sickness</marc:subfield>
            <marc:subfield code="r">Alan J. Guthrie --</marc:subfield>
            <marc:subfield code="t">Miscellaneous viral respiratory diseases</marc:subfield>
            <marc:subfield code="r">Michael J. Studdert --</marc:subfield>
            <marc:subfield code="t">Equine rotavirus</marc:subfield>
            <marc:subfield code="r">Roberta M. Dwyer --</marc:subfield>
            <marc:subfield code="t">Coronavirus infections</marc:subfield>
            <marc:subfield code="r">Martha Gonzalex Arguedas, Debra C. Sellon --</marc:subfield>
            <marc:subfield code="t">Rabies</marc:subfield>
            <marc:subfield code="r">Pamela A. Wilkens, Fabio Del Piero --</marc:subfield>
            <marc:subfield code="t">Equine alphaviruses</marc:subfield>
            <marc:subfield code="r">E. Paul J. Gibbs, Maureen T. Long --</marc:subfield>
            <marc:subfield code="t">Borna disease</marc:subfield>
            <marc:subfield code="r">Juergen A. Richt [and others] --</marc:subfield>
            <marc:subfield code="t">Equine infectious anemia</marc:subfield>
            <marc:subfield code="r">Robert H. Mealey --</marc:subfield>
            <marc:subfield code="t">Vesicular stomatitis</marc:subfield>
            <marc:subfield code="r">Brian J. McCluskey --</marc:subfield>
            <marc:subfield code="t">Papillomavirus infections</marc:subfield>
            <marc:subfield code="r">Debra C. Sellon --</marc:subfield>
            <marc:subfield code="t">Miscellaneous viral diseases</marc:subfield>
            <marc:subfield code="r">Kenneth W. Hinchcliff --</marc:subfield>
            <marc:subfield code="t">Laboratory diagnosis of bacterial infections</marc:subfield>
            <marc:subfield code="r">Barbara A. Byrne --</marc:subfield>
            <marc:subfield code="t">Streptococcal infections</marc:subfield>
            <marc:subfield code="r">Debra C. Sellon [and others] --</marc:subfield>
            <marc:subfield code="t">Staphylococcal infections</marc:subfield>
            <marc:subfield code="r">J. Scott Weese --</marc:subfield>
            <marc:subfield code="t">Miscellaneous gram-positive bacterial infections</marc:subfield>
            <marc:subfield code="r">Sharon J. Spier [and others] --</marc:subfield>
            <marc:subfield code="t">Dermatophilosis</marc:subfield>
            <marc:subfield code="r">Rosanna Marsella --</marc:subfield>
            <marc:subfield code="t">Rhodococcus equi</marc:subfield>
            <marc:subfield code="r">Melissa T. Hines --</marc:subfield>
            <marc:subfield code="t">Mycobacterial infections</marc:subfield>
            <marc:subfield code="r">J. Lindsay Oaks --</marc:subfield>
            <marc:subfield code="t">Leptospirosis</marc:subfield>
            <marc:subfield code="r">Melissa T. Hines --</marc:subfield>
            <marc:subfield code="t">Lyme disease</marc:subfield>
            <marc:subfield code="r">Thomas J. Divers --</marc:subfield>
            <marc:subfield code="t">Lawsonia intracellularis</marc:subfield>
            <marc:subfield code="r">Jean-Pierre Lavoie, Richard Drolet --</marc:subfield>
            <marc:subfield code="t">Endotoxemia</marc:subfield>
            <marc:subfield code="r">Katharina L. Lohmann, Michelle Henry Barton --</marc:subfield>
            <marc:subfield code="t">Salmonellosis</marc:subfield>
            <marc:subfield code="r">Josie L. Traub-Dargatz, Thomas E. Besser --</marc:subfield>
            <marc:subfield code="t">Glanders</marc:subfield>
            <marc:subfield code="r">Paul L. Nicoletti --</marc:subfield>
            <marc:subfield code="t">Brucellosis</marc:subfield>
            <marc:subfield code="r">Paul L. Nicoletti --</marc:subfield>
            <marc:subfield code="t">Contagious equine metritis</marc:subfield>
            <marc:subfield code="r">Michaela Kristula --</marc:subfield>
            <marc:subfield code="t">Anaplasma phagocytophila</marc:subfield>
            <marc:subfield code="r">Nicola Pusterla, John E. Madigan --</marc:subfield>
            <marc:subfield code="t">Neorickettsia risticii</marc:subfield>
            <marc:subfield code="r">Nicola Pusterla, John E. Madigan --</marc:subfield>
            <marc:subfield code="t">Enteric clostridial infections</marc:subfield>
            <marc:subfield code="r">J. Scott Weese --</marc:subfield>
            <marc:subfield code="t">Systemic clostridial infections</marc:subfield>
            <marc:subfield code="r">Simon F. Peek, Debra C. Sellon --</marc:subfield>
            <marc:subfield code="t">Botulsim</marc:subfield>
            <marc:subfield code="r">Pamela A. Wilkins --</marc:subfield>
            <marc:subfield code="t">Tetanus</marc:subfield>
            <marc:subfield code="r">Robert J. MacKay --</marc:subfield>
            <marc:subfield code="t">Miscellaneous anaerobic infections</marc:subfield>
            <marc:subfield code="r">J. Lindsay Oaks --</marc:subfield>
            <marc:subfield code="t">Laboratory diagnosis of fungal diseases</marc:subfield>
            <marc:subfield code="r">Barbara A. Byrne --</marc:subfield>
            <marc:subfield code="t">Pneumocystis infections</marc:subfield>
            <marc:subfield code="r">Maureen T. Long --</marc:subfield>
            <marc:subfield code="t">Coccidioidomycosis</marc:subfield>
            <marc:subfield code="r">Demosthenes Pappagianis, Jill Higgins --</marc:subfield>
            <marc:subfield code="t">Sporotrichosis</marc:subfield>
            <marc:subfield code="r">Robert J. MacKay --</marc:subfield>
            <marc:subfield code="t">Candidiasis</marc:subfield>
            <marc:subfield code="r">Natalie Ann Carrillo --</marc:subfield>
            <marc:subfield code="t">Dermatophytosis</marc:subfield>
            <marc:subfield code="r">Rosanna Marsella --</marc:subfield>
            <marc:subfield code="t">Pythiosis and Zygomycosis</marc:subfield>
            <marc:subfield code="r">Amy M. Grooters --</marc:subfield>
            <marc:subfield code="t">Aspergillosis</marc:subfield>
            <marc:subfield code="r">Catherine Kohn --</marc:subfield>
            <marc:subfield code="t">Miscellaneous fungal diseases</marc:subfield>
            <marc:subfield code="r">Catherine Kohn --</marc:subfield>
            <marc:subfield code="t">Laboratory diagnosis of parasitic diseases</marc:subfield>
            <marc:subfield code="r">Ellis C. Greiner --</marc:subfield>
            <marc:subfield code="t">Equine protozoal myeloencephalitis</marc:subfield>
            <marc:subfield code="r">Debra C. Sellon, J.P. Dubey --</marc:subfield>
            <marc:subfield code="t">Equine piroplasmosis</marc:subfield>
            <marc:subfield code="r">Chantal M. Rothschild, Donald P. Knowles --</marc:subfield>
            <marc:subfield code="t">Miscellaneous parasitic diseases</marc:subfield>
            <marc:subfield code="r">Debra C. Sellon --</marc:subfield>
            <marc:subfield code="t">Nematodes</marc:subfield>
            <marc:subfield code="r">Craig R. Reinemeyer, Martin Krarup Nielsen, Debra C. Sellon
                --</marc:subfield>
            <marc:subfield code="t">Cestodes</marc:subfield>
            <marc:subfield code="r">Merijo Eileen Jordan, Joseph A. DiPietro --</marc:subfield>
            <marc:subfield code="t">Ectoparasites of horses</marc:subfield>
            <marc:subfield code="r">Joy L. Barbet --</marc:subfield>
            <marc:subfield code="t">Epidemiology of equine infectious diseases</marc:subfield>
            <marc:subfield code="r">Ashley E. Hill, Paulo C. Duarte, Paul S. Morley
                --</marc:subfield>
            <marc:subfield code="t">Biosecurity</marc:subfield>
            <marc:subfield code="r">Magdalena Dunowska [and others] --</marc:subfield>
            <marc:subfield code="t">Control of infectious diseases outbreaks</marc:subfield>
            <marc:subfield code="r">Roberta M. Dwyer --</marc:subfield>
            <marc:subfield code="t">Recognition of foreign animal diseases</marc:subfield>
            <marc:subfield code="r">Corrie C. Brown --</marc:subfield>
            <marc:subfield code="t">Infectious diseases and the international movement of
                horses</marc:subfield>
            <marc:subfield code="r">Peter J. Timoney --</marc:subfield>
            <marc:subfield code="t">Immunoprophylaxis</marc:subfield>
            <marc:subfield code="r">W. David Wilson, Nicola Pusterla --</marc:subfield>
            <marc:subfield code="t">Antimicrobial therapy</marc:subfield>
            <marc:subfield code="r">Mark G. Papich, Jennifer L. Davis --</marc:subfield>
            <marc:subfield code="t">Immunotherapy</marc:subfield>
            <marc:subfield code="r">Maria Julia Bevilaqua Felippe Falaminio --</marc:subfield>
            <marc:subfield code="t">Appendix A: Infectious disease rule-outs for medical problems
                --</marc:subfield>
            <marc:subfield code="t">Appendix B: Vaccination guidelines for horses in North America
                --</marc:subfield>
            <marc:subfield code="t">Appendix C: Antimicrobial drug formulary.</marc:subfield>
        </marc:datafield>
        <marc:datafield tag="520" ind1=" " ind2=" ">
            <marc:subfield code="a">Accompanying CD-ROM contains ... &quot;easy access to an
                extensive list of references and links to the original abstract and related articles
                through PubMed.&quot;--Page 4 of cover.</marc:subfield>
        </marc:datafield>
        <marc:datafield tag="506" ind1=" " ind2=" ">
            <marc:subfield code="a">Licence conditions preclude Library lending or networking of
                accompanying CDROM/DVDROM.</marc:subfield>
        </marc:datafield>
        <marc:datafield tag="591" ind1=" " ind2=" ">
            <marc:subfield code="b">NAL Reclamation</marc:subfield>
        </marc:datafield>
        <marc:datafield tag="650" ind1=" " ind2="0">
            <marc:subfield code="a">Horses</marc:subfield>
            <marc:subfield code="x">Diseases.</marc:subfield>
            <marc:subfield code="0"
                >http://id.loc.gov/authorities/subjects/sh85062163</marc:subfield>
        </marc:datafield>
        <marc:datafield tag="650" ind1=" " ind2="0">
            <marc:subfield code="a">Horses</marc:subfield>
            <marc:subfield code="x">Infections.</marc:subfield>
            <marc:subfield code="0"
                >http://id.loc.gov/authorities/subjects/sh2009008502</marc:subfield>
        </marc:datafield>
        <marc:datafield tag="650" ind1="1" ind2="2">
            <marc:subfield code="a">Horse Diseases</marc:subfield>
        </marc:datafield>
        <marc:datafield tag="650" ind1="2" ind2="2">
            <marc:subfield code="a">Bacterial Infections</marc:subfield>
            <marc:subfield code="x">veterinary</marc:subfield>
        </marc:datafield>
        <marc:datafield tag="650" ind1="2" ind2="2">
            <marc:subfield code="a">Infections</marc:subfield>
            <marc:subfield code="x">veterinary</marc:subfield>
        </marc:datafield>
        <marc:datafield tag="700" ind1="1" ind2=" ">
            <marc:subfield code="a">Sellon, Debra C.</marc:subfield>
        </marc:datafield>
        <marc:datafield tag="700" ind1="1" ind2=" ">
            <marc:subfield code="a">Long, Maureen T.</marc:subfield>
        </marc:datafield>
        <marc:datafield tag="830" ind1=" " ind2="0">
            <marc:subfield code="a">Online access with purchase: Elsevier (Veterinary Medicine
                2007)</marc:subfield>
        </marc:datafield>
        <marc:datafield tag="912" ind1=" " ind2=" ">
            <marc:subfield code="a">nalcatalog</marc:subfield>
        </marc:datafield>
        <marc:datafield tag="930" ind1=" " ind2=" ">
            <marc:subfield code="a">20070222</marc:subfield>
            <marc:subfield code="b">20070303</marc:subfield>
            <marc:subfield code="c">00000000</marc:subfield>
        </marc:datafield>
        <marc:datafield tag="938" ind1=" " ind2=" ">
            <marc:subfield code="a">Baker &amp; Taylor</marc:subfield>
            <marc:subfield code="b">BKTY</marc:subfield>
            <marc:subfield code="c">155.00</marc:subfield>
            <marc:subfield code="d">.00</marc:subfield>
            <marc:subfield code="i">1416024069</marc:subfield>
            <marc:subfield code="n">0006978645</marc:subfield>
            <marc:subfield code="s">active</marc:subfield>
        </marc:datafield>
        <marc:datafield tag="938" ind1=" " ind2=" ">
            <marc:subfield code="a">Baker and Taylor</marc:subfield>
            <marc:subfield code="b">BTCP</marc:subfield>
            <marc:subfield code="n">BK0006978645</marc:subfield>
        </marc:datafield>
        <marc:datafield tag="938" ind1=" " ind2=" ">
            <marc:subfield code="a">YBP Library Services</marc:subfield>
            <marc:subfield code="b">YANK</marc:subfield>
            <marc:subfield code="n">2482735</marc:subfield>
        </marc:datafield>
        <marc:datafield tag="945" ind1=" " ind2=" ">
            <marc:subfield code="d">asperber</marc:subfield>
            <marc:subfield code="e">2007/02/22</marc:subfield>
        </marc:datafield>
        <marc:datafield tag="946" ind1=" " ind2=" ">
            <marc:subfield code="a">Other US</marc:subfield>
        </marc:datafield>
        <marc:datafield tag="994" ind1=" " ind2=" ">
            <marc:subfield code="a">92</marc:subfield>
            <marc:subfield code="b">AGL</marc:subfield>
        </marc:datafield>
    </marc:record>
    <marc:record>
        <marc:leader>03775cam a2200577 i 4500</marc:leader>
        <marc:controlfield tag="001">9915473218607426</marc:controlfield>
        <marc:controlfield tag="005">20221101200126.0</marc:controlfield>
        <marc:controlfield tag="008">150417t20162016moua b 001 0 eng </marc:controlfield>
        <marc:datafield tag="010" ind1=" " ind2=" ">
            <marc:subfield code="a"> 2015015062</marc:subfield>
        </marc:datafield>
        <marc:datafield tag="016" ind1="7" ind2=" ">
            <marc:subfield code="a">CAT31344538</marc:subfield>
            <marc:subfield code="2">DNAL</marc:subfield>
        </marc:datafield>
        <marc:datafield tag="016" ind1="7" ind2=" ">
            <marc:subfield code="a">101656449</marc:subfield>
            <marc:subfield code="2">DNLM</marc:subfield>
        </marc:datafield>
        <marc:datafield tag="019" ind1=" " ind2=" ">
            <marc:subfield code="a">922916353</marc:subfield>
        </marc:datafield>
        <marc:datafield tag="020" ind1=" " ind2=" ">
            <marc:subfield code="a">9781455759699</marc:subfield>
            <marc:subfield code="q">(hardcover ;</marc:subfield>
            <marc:subfield code="q">alk. paper)</marc:subfield>
        </marc:datafield>
        <marc:datafield tag="020" ind1=" " ind2=" ">
            <marc:subfield code="a">1455759694</marc:subfield>
            <marc:subfield code="q">(hardcover ;</marc:subfield>
            <marc:subfield code="q">alk. paper)</marc:subfield>
        </marc:datafield>
        <marc:datafield tag="035" ind1=" " ind2=" ">
            <marc:subfield code="a">1344538</marc:subfield>
        </marc:datafield>
        <marc:datafield tag="035" ind1=" " ind2=" ">
            <marc:subfield code="a">(OCoLC)907941327</marc:subfield>
            <marc:subfield code="z">(OCoLC)922916353</marc:subfield>
        </marc:datafield>
        <marc:datafield tag="035" ind1=" " ind2=" ">
            <marc:subfield code="a">(DNAL)1344538-naldb-Voyager</marc:subfield>
        </marc:datafield>
        <marc:datafield tag="035" ind1=" " ind2=" ">
            <marc:subfield code="z">(OCoLC)922916353</marc:subfield>
        </marc:datafield>
        <marc:datafield tag="040" ind1=" " ind2=" ">
            <marc:subfield code="a">DNLM/DLC</marc:subfield>
            <marc:subfield code="b">eng</marc:subfield>
            <marc:subfield code="e">rda</marc:subfield>
            <marc:subfield code="c">DLC</marc:subfield>
            <marc:subfield code="d">YDX</marc:subfield>
            <marc:subfield code="d">NLM</marc:subfield>
            <marc:subfield code="d">YDXCP</marc:subfield>
            <marc:subfield code="d">CDX</marc:subfield>
            <marc:subfield code="d">OCLCF</marc:subfield>
            <marc:subfield code="d">MMU</marc:subfield>
            <marc:subfield code="d">AGL</marc:subfield>
            <marc:subfield code="d">OCLCO</marc:subfield>
            <marc:subfield code="d">OCLCQ</marc:subfield>
            <marc:subfield code="d">OCLCA</marc:subfield>
            <marc:subfield code="d">WW9</marc:subfield>
        </marc:datafield>
        <marc:datafield tag="042" ind1=" " ind2=" ">
            <marc:subfield code="a">pcc</marc:subfield>
        </marc:datafield>
        <marc:datafield tag="049" ind1=" " ind2=" ">
            <marc:subfield code="a">AGLL</marc:subfield>
        </marc:datafield>
        <marc:datafield tag="050" ind1="0" ind2="0">
            <marc:subfield code="a">SF959.J64</marc:subfield>
            <marc:subfield code="b">J385 2016</marc:subfield>
        </marc:datafield>
        <marc:datafield tag="070" ind1="0" ind2=" ">
            <marc:subfield code="a">SF959.J64</marc:subfield>
            <marc:subfield code="b">J385 2016</marc:subfield>
        </marc:datafield>
        <marc:datafield tag="245" ind1="0" ind2="0">
            <marc:subfield code="a">Joint disease in the horse /</marc:subfield>
            <marc:subfield code="c">edited by C. Wayne McIlwraith, BVSc, PhD, Dr med vet (h.c.
                Vienna), DSc (Purdue), DSc (h.c. Massey), Laurea Dr (h.c. Turin), D vet med (h.c.
                London), FRCVS, Diplomate ACVS, ECVS, &amp; ACVSMR, University Distinguished
                Professor, Barbara Cox Anthony University Chair in Orthopaedics, Director
                Orthopaedic Research Center, Gail Holmes Equine Orthopaedic Research Center, College
                of Veterinary Medicine and Biomedical Sciences, School of Biomedical Engineering,
                Colorado State University, Fort Collins, Colorado, David D. Frisbie, DVM, PhD,
                Diplomate ACVS &amp; ACVSMR, Professor, Gail Holmes Equine Orthopaedic Research
                Center, College of Veterinary Medicine and Biomedical Sciences, School of Biomedical
                Engineering, Colorado State University, Fort Collins, Colorado, Christopher E.
                Kawcak, Professor, DVN, PhD, Diplomate ACVS, &amp; ACVSMR, Professor, Iron Rose
                Ranch University Chair in Musculoskeletal Research, Gail Holmes Equine Orthopaedic
                Research Center, College of Veterinary Medicine and Biomedical Sciences, School of
                Biomedical Engineering, Director of Equine Clinical Services, Colorado State
                University, Fort Collins, Colorado, P. Rene Van Weeren, DVM, PhD, Diplomate ECVS,
                Professor of Equine Musculoskeletal Biology, Department of Equine Sciences, Faculty
                of Veterinary Medicine, Utrecht University, Utrecht, the
                Netherlands.</marc:subfield>
        </marc:datafield>
        <marc:datafield tag="250" ind1=" " ind2=" ">
            <marc:subfield code="a">Second edition.</marc:subfield>
        </marc:datafield>
        <marc:datafield tag="264" ind1=" " ind2="1">
            <marc:subfield code="a">St. Louis, Missouri :</marc:subfield>
            <marc:subfield code="b">Elsevier,</marc:subfield>
            <marc:subfield code="c">[2016]</marc:subfield>
        </marc:datafield>
        <marc:datafield tag="264" ind1=" " ind2="4">
            <marc:subfield code="c">©2016</marc:subfield>
        </marc:datafield>
        <marc:datafield tag="300" ind1=" " ind2=" ">
            <marc:subfield code="a">xv, 408 pages :</marc:subfield>
            <marc:subfield code="b">illustrations (chiefly color) ;</marc:subfield>
            <marc:subfield code="c">29 cm</marc:subfield>
        </marc:datafield>
        <marc:datafield tag="336" ind1=" " ind2=" ">
            <marc:subfield code="a">text</marc:subfield>
            <marc:subfield code="b">txt</marc:subfield>
            <marc:subfield code="2">rdacontent</marc:subfield>
        </marc:datafield>
        <marc:datafield tag="337" ind1=" " ind2=" ">
            <marc:subfield code="a">unmediated</marc:subfield>
            <marc:subfield code="b">n</marc:subfield>
            <marc:subfield code="2">rdamedia</marc:subfield>
        </marc:datafield>
        <marc:datafield tag="338" ind1=" " ind2=" ">
            <marc:subfield code="a">volume</marc:subfield>
            <marc:subfield code="b">nc</marc:subfield>
            <marc:subfield code="2">rdacarrier</marc:subfield>
        </marc:datafield>
        <marc:datafield tag="504" ind1=" " ind2=" ">
            <marc:subfield code="a">Includes bibliographical references and index.</marc:subfield>
        </marc:datafield>
        <marc:datafield tag="505" ind1="0" ind2=" ">
            <marc:subfield code="a">Section I. General principles of joint pathobiology -- Section
                II. General principles of diagnosis and treatment -- Section III. Principles of
                therapy of traumatic arthritis and osteoarthritis -- Section IV. Specifics of
                anatomy, clinical diagnosis, imaging diagnosis, and treatment by region -- Section
                V. New frontiers.</marc:subfield>
        </marc:datafield>
        <marc:datafield tag="591" ind1=" " ind2=" ">
            <marc:subfield code="b">NAL Reclamation</marc:subfield>
        </marc:datafield>
        <marc:datafield tag="650" ind1=" " ind2="0">
            <marc:subfield code="a">Horses</marc:subfield>
            <marc:subfield code="x">Diseases.</marc:subfield>
            <marc:subfield code="0"
                >http://id.loc.gov/authorities/subjects/sh85062163</marc:subfield>
        </marc:datafield>
        <marc:datafield tag="650" ind1=" " ind2="0">
            <marc:subfield code="a">Joints</marc:subfield>
            <marc:subfield code="x">Diseases.</marc:subfield>
            <marc:subfield code="0"
                >http://id.loc.gov/authorities/subjects/sh85070660</marc:subfield>
        </marc:datafield>
        <marc:datafield tag="650" ind1="1" ind2="2">
            <marc:subfield code="a">Horse Diseases.</marc:subfield>
        </marc:datafield>
        <marc:datafield tag="650" ind1="2" ind2="2">
            <marc:subfield code="a">Joint Diseases</marc:subfield>
            <marc:subfield code="x">veterinary.</marc:subfield>
        </marc:datafield>
        <marc:datafield tag="650" ind1=" " ind2="3">
            <marc:subfield code="a">horse diseases.</marc:subfield>
        </marc:datafield>
        <marc:datafield tag="650" ind1=" " ind2="3">
            <marc:subfield code="a">joint diseases.</marc:subfield>
        </marc:datafield>
        <marc:datafield tag="700" ind1="1" ind2=" ">
            <marc:subfield code="a">McIlwraith, C. Wayne,</marc:subfield>
            <marc:subfield code="e">editor.</marc:subfield>
        </marc:datafield>
        <marc:datafield tag="700" ind1="1" ind2=" ">
            <marc:subfield code="a">Frisbie, David D.,</marc:subfield>
            <marc:subfield code="e">editor.</marc:subfield>
            <marc:subfield code="0">http://id.loc.gov/authorities/names/n2015183605</marc:subfield>
        </marc:datafield>
        <marc:datafield tag="700" ind1="1" ind2=" ">
            <marc:subfield code="a">Kawcak, Christopher E.,</marc:subfield>
            <marc:subfield code="e">editor.</marc:subfield>
            <marc:subfield code="0">http://id.loc.gov/authorities/names/n2015183606</marc:subfield>
        </marc:datafield>
        <marc:datafield tag="700" ind1="1" ind2=" ">
            <marc:subfield code="a">Weeren, René van,</marc:subfield>
            <marc:subfield code="d">1957-</marc:subfield>
            <marc:subfield code="e">editor.</marc:subfield>
            <marc:subfield code="0">http://id.loc.gov/authorities/names/n2015183609</marc:subfield>
        </marc:datafield>
        <marc:datafield tag="912" ind1=" " ind2=" ">
            <marc:subfield code="a">nalcatalog</marc:subfield>
        </marc:datafield>
        <marc:datafield tag="930" ind1=" " ind2=" ">
            <marc:subfield code="a">20160321</marc:subfield>
            <marc:subfield code="b">20160506</marc:subfield>
            <marc:subfield code="c">00000000</marc:subfield>
        </marc:datafield>
        <marc:datafield tag="938" ind1=" " ind2=" ">
            <marc:subfield code="a">Coutts Information Services</marc:subfield>
            <marc:subfield code="b">COUT</marc:subfield>
            <marc:subfield code="n">30489018</marc:subfield>
        </marc:datafield>
        <marc:datafield tag="938" ind1=" " ind2=" ">
            <marc:subfield code="a">YBP Library Services</marc:subfield>
            <marc:subfield code="b">YANK</marc:subfield>
            <marc:subfield code="n">12249454</marc:subfield>
        </marc:datafield>
        <marc:datafield tag="946" ind1=" " ind2=" ">
            <marc:subfield code="a">Other US</marc:subfield>
        </marc:datafield>
        <marc:datafield tag="958" ind1=" " ind2=" ">
            <marc:subfield code="b">e</marc:subfield>
            <marc:subfield code="c">2016/03/21</marc:subfield>
            <marc:subfield code="d">c</marc:subfield>
            <marc:subfield code="e">vperkins</marc:subfield>
        </marc:datafield>
        <marc:datafield tag="994" ind1=" " ind2=" ">
            <marc:subfield code="a">92</marc:subfield>
            <marc:subfield code="b">AGL</marc:subfield>
        </marc:datafield>
    </marc:record>