
    <marc:record>
        <marc:leader>05399cam a2200481 a 4500</marc:leader>
        <marc:controlfield tag="001">9915474040907426</marc:controlfield>
        <marc:controlfield tag="005">20221102031305.0</marc:controlfield>
        <marc:controlfield tag="008">050208s2005 enka b 101 0 eng </marc:controlfield>
        <marc:datafield tag="015" ind1=" " ind2=" ">
            <marc:subfield code="a">GBA514237</marc:subfield>
            <marc:subfield code="2">bnb</marc:subfield>
        </marc:datafield>
        <marc:datafield tag="016" ind1="7" ind2=" ">
            <marc:subfield code="a">CAT30948788</marc:subfield>
            <marc:subfield code="2">DNAL</marc:subfield>
        </marc:datafield>
        <marc:datafield tag="016" ind1="7" ind2=" ">
            <marc:subfield code="a">013113031</marc:subfield>
            <marc:subfield code="2">Uk</marc:subfield>
        </marc:datafield>
        <marc:datafield tag="020" ind1=" " ind2=" ">
            <marc:subfield code="a">1904761283</marc:subfield>
        </marc:datafield>
        <marc:datafield tag="020" ind1=" " ind2=" ">
            <marc:subfield code="a">9781904761280</marc:subfield>
        </marc:datafield>
        <marc:datafield tag="035" ind1=" " ind2=" ">
            <marc:subfield code="a">948788</marc:subfield>
        </marc:datafield>
        <marc:datafield tag="035" ind1=" " ind2=" ">
            <marc:subfield code="a">(OCoLC)57691619</marc:subfield>
        </marc:datafield>
        <marc:datafield tag="035" ind1=" " ind2=" ">
            <marc:subfield code="a">(DNAL)948788-naldb-Voyager</marc:subfield>
        </marc:datafield>
        <marc:datafield tag="040" ind1=" " ind2=" ">
            <marc:subfield code="a">UKM</marc:subfield>
            <marc:subfield code="b">eng</marc:subfield>
            <marc:subfield code="c">UKM</marc:subfield>
            <marc:subfield code="d">BWKUK</marc:subfield>
            <marc:subfield code="d">AGL</marc:subfield>
            <marc:subfield code="d">YDXCP</marc:subfield>
            <marc:subfield code="d">BAKER</marc:subfield>
            <marc:subfield code="d">UGX</marc:subfield>
            <marc:subfield code="d">OCLCF</marc:subfield>
            <marc:subfield code="d">OCLCO</marc:subfield>
            <marc:subfield code="d">OCLCQ</marc:subfield>
            <marc:subfield code="d">OCL</marc:subfield>
            <marc:subfield code="d">S3O</marc:subfield>
            <marc:subfield code="d">OCLCQ</marc:subfield>
            <marc:subfield code="d">UKMGB</marc:subfield>
            <marc:subfield code="d">CN3GA</marc:subfield>
        </marc:datafield>
        <marc:datafield tag="042" ind1=" " ind2=" ">
            <marc:subfield code="a">ukblsr</marc:subfield>
        </marc:datafield>
        <marc:datafield tag="049" ind1=" " ind2=" ">
            <marc:subfield code="a">AGLL</marc:subfield>
        </marc:datafield>
        <marc:datafield tag="050" ind1=" " ind2="0">
            <marc:subfield code="a">SF285.5</marc:subfield>
            <marc:subfield code="b">.A38 2005</marc:subfield>
        </marc:datafield>
        <marc:datafield tag="070" ind1="0" ind2=" ">
            <marc:subfield code="a">SF285.5</marc:subfield>
            <marc:subfield code="b">.A39 2005</marc:subfield>
        </marc:datafield>
        <marc:datafield tag="245" ind1="0" ind2="0">
            <marc:subfield code="a">Advances in equine nutrition III /</marc:subfield>
            <marc:subfield code="c">edited by Joe D. Pagan.</marc:subfield>
        </marc:datafield>
        <marc:datafield tag="260" ind1=" " ind2=" ">
            <marc:subfield code="a">Nottingham :</marc:subfield>
            <marc:subfield code="b">Nottingham University Press,</marc:subfield>
            <marc:subfield code="c">2005.</marc:subfield>
        </marc:datafield>
        <marc:datafield tag="300" ind1=" " ind2=" ">
            <marc:subfield code="a">vii, 503 pages :</marc:subfield>
            <marc:subfield code="b">illustrations ;</marc:subfield>
            <marc:subfield code="c">24 cm</marc:subfield>
        </marc:datafield>
        <marc:datafield tag="336" ind1=" " ind2=" ">
            <marc:subfield code="a">text</marc:subfield>
            <marc:subfield code="b">txt</marc:subfield>
            <marc:subfield code="2">rdacontent</marc:subfield>
        </marc:datafield>
        <marc:datafield tag="337" ind1=" " ind2=" ">
            <marc:subfield code="a">unmediated</marc:subfield>
            <marc:subfield code="b">n</marc:subfield>
            <marc:subfield code="2">rdamedia</marc:subfield>
        </marc:datafield>
        <marc:datafield tag="338" ind1=" " ind2=" ">
            <marc:subfield code="a">volume</marc:subfield>
            <marc:subfield code="b">nc</marc:subfield>
            <marc:subfield code="2">rdacarrier</marc:subfield>
        </marc:datafield>
        <marc:datafield tag="504" ind1=" " ind2=" ">
            <marc:subfield code="a">Includes bibliographical references and index.</marc:subfield>
        </marc:datafield>
        <marc:datafield tag="505" ind1="0" ind2="0">
            <marc:subfield code="t">Recent research developments from Kentucky equine research
                /</marc:subfield>
            <marc:subfield code="r">J. D. Pagan --</marc:subfield>
            <marc:subfield code="t">Pasture counts : the contribution of pasture to the diets of
                horses /</marc:subfield>
            <marc:subfield code="r">N. Grace --</marc:subfield>
            <marc:subfield code="t">Nutrition and the equine foot /</marc:subfield>
            <marc:subfield code="r">P. Huntington and C. Pollitt --</marc:subfield>
            <marc:subfield code="t">Dietary lipid form and function /</marc:subfield>
            <marc:subfield code="r">C. E. Dunnett --</marc:subfield>
            <marc:subfield code="t">glycemic and insulinemic index in horses /</marc:subfield>
            <marc:subfield code="r">I. Vervuert and M. Coenen --</marc:subfield>
            <marc:subfield code="t">Does it work? Testing the efficacy of feed supplements
                /</marc:subfield>
            <marc:subfield code="r">K. H. McKeever --</marc:subfield>
            <marc:subfield code="t">Can feed cause a positive blood test in racehorses? Some recent
                information on the effect of dietary supplements on plasma tCO[subscript 2]
                concentration in horses /</marc:subfield>
            <marc:subfield code="r">K. H. McKeever --</marc:subfield>
            <marc:subfield code="t">Oral joint supplements : panacea or expensive fad?
                /</marc:subfield>
            <marc:subfield code="r">S. Duren --</marc:subfield>
            <marc:subfield code="t">diagnostic potential of equine hair : a comparative review of
                hair analysis for assessing nutritional status, environmental poisoning, and drug
                use and abuse /</marc:subfield>
            <marc:subfield code="r">M. Dunnett --</marc:subfield>
            <marc:subfield code="t">Feeding management of horses under stressful conditions
                /</marc:subfield>
            <marc:subfield code="r">J. D. Pagan --</marc:subfield>
            <marc:subfield code="t">ounce of prevention : feeding management to minimize colic
                /</marc:subfield>
            <marc:subfield code="r">K. Purcell --</marc:subfield>
            <marc:subfield code="t">Bag O'Bones : managing the underweight horse /</marc:subfield>
            <marc:subfield code="r">K. Crandell --</marc:subfield>
            <marc:subfield code="t">Hidden killers : molds and mycotoxins /</marc:subfield>
            <marc:subfield code="r">M. Murphy --</marc:subfield>
            <marc:subfield code="t">Feeding fat to manage muscle disorders /</marc:subfield>
            <marc:subfield code="r">S. Valberg and E. McKenzie --</marc:subfield>
            <marc:subfield code="t">Trends in feeding the American endurance horse /</marc:subfield>
            <marc:subfield code="r">K. Crandell --</marc:subfield>
            <marc:subfield code="t">Sport horse nutrition -- an Australian perspective
                /</marc:subfield>
            <marc:subfield code="r">E. Owens --</marc:subfield>
            <marc:subfield code="t">Nutritional management of mares -- the foundation of a strong
                skeleton /</marc:subfield>
            <marc:subfield code="r">P. J. Huntington, E. Owens, K. Crandell and J. D. Pagan
                --</marc:subfield>
            <marc:subfield code="t">Effects of exercise and training on skeletal development in
                horses /</marc:subfield>
            <marc:subfield code="r">L. A. Lawrence --</marc:subfield>
            <marc:subfield code="t">Feeding more and getting less : effects of high grain intakes on
                digestive capacity and gastrointestinal health of performance horses
                /</marc:subfield>
            <marc:subfield code="r">L. M. Lawrence --</marc:subfield>
            <marc:subfield code="t">Exercise and immune function : nutritional influences
                /</marc:subfield>
            <marc:subfield code="r">D. Nieman --</marc:subfield>
            <marc:subfield code="t">Use of non-starch carbohydrate energy sources in performance
                horse feeds /</marc:subfield>
            <marc:subfield code="r">J. E. Lindberg</marc:subfield>
        </marc:datafield>
        <marc:datafield tag="505" ind1="8" ind2="0">
            <marc:subfield code="t">Exercise and stress -- impact on adaptive processes involving
                water and electrolytes /</marc:subfield>
            <marc:subfield code="r">M. Coenen --</marc:subfield>
            <marc:subfield code="t">Principles of bone development in horses /</marc:subfield>
            <marc:subfield code="r">L. A. Lawrence --</marc:subfield>
            <marc:subfield code="t">Methods of assessing bone growth and development in young horses
                /</marc:subfield>
            <marc:subfield code="r">E. C. Firth --</marc:subfield>
            <marc:subfield code="t">Nutritional assessment of weanlings and yearlings
                /</marc:subfield>
            <marc:subfield code="r">L. A. Lawrence --</marc:subfield>
            <marc:subfield code="t">Managing growth for different commercial end points
                /</marc:subfield>
            <marc:subfield code="r">J. D. Pagan --</marc:subfield>
            <marc:subfield code="t">Conformation and soundness /</marc:subfield>
            <marc:subfield code="r">C. W. McIlwraith --</marc:subfield>
            <marc:subfield code="t">prevalence of radiographic changes in thoroughbred yearlings and
                the effect of those changes on future racing performance /</marc:subfield>
            <marc:subfield code="r">C. W. McIlwraith --</marc:subfield>
            <marc:subfield code="t">Incidence of radiographic changes in thoroughbred yearlings. 755
                cases /</marc:subfield>
            <marc:subfield code="r">N. J. Scott, S. Hance, P. Todhunter, P. Adams and A. Adkins
                --</marc:subfield>
            <marc:subfield code="t">effect of growth promotants in young growing horses
                /</marc:subfield>
            <marc:subfield code="r">A. Dart --</marc:subfield>
            <marc:subfield code="t">Nutritional challenges of feeding the two-year-old
                /</marc:subfield>
            <marc:subfield code="r">J. D. Pagan --</marc:subfield>
            <marc:subfield code="t">Overview of bone disease /</marc:subfield>
            <marc:subfield code="r">C. W. McIlwraith --</marc:subfield>
            <marc:subfield code="t">Advanced techniques in the diagnosis of bone disease
                /</marc:subfield>
            <marc:subfield code="r">C. W. McIlwraith --</marc:subfield>
            <marc:subfield code="t">Surgical and medical management of osteochondritis dissecans
                (OCD) /</marc:subfield>
            <marc:subfield code="r">C. W. McIlwraith --</marc:subfield>
            <marc:subfield code="t">Recent advances in osteochondrosis research /</marc:subfield>
            <marc:subfield code="r">E. C. Firth --</marc:subfield>
            <marc:subfield code="t">role of nutrition in the management of developmental orthopedic
                disease /</marc:subfield>
            <marc:subfield code="r">J. D. Pagan --</marc:subfield>
            <marc:subfield code="t">relationship between glycemic response and the incidence of OCD
                in thoroughbred weanlings : a field study /</marc:subfield>
            <marc:subfield code="r">J. D. Pagan --</marc:subfield>
            <marc:subfield code="t">Laminitis : causes and cures /</marc:subfield>
            <marc:subfield code="r">R. Redden --</marc:subfield>
            <marc:subfield code="t">Cushing's disease and other problems of the older horse
                /</marc:subfield>
            <marc:subfield code="r">R. Geor --</marc:subfield>
            <marc:subfield code="t">Losing control : nutrition-related diseases of the central
                nervous system /</marc:subfield>
            <marc:subfield code="r">J. H. Foreman --</marc:subfield>
            <marc:subfield code="t">Muscle disorders : untying the knots through nutrition
                /</marc:subfield>
            <marc:subfield code="r">S. J. Valberg, R. Geor and J. D. Pagan --</marc:subfield>
            <marc:subfield code="t">Chronic respiratory disease : is there a nutrition link?
                /</marc:subfield>
            <marc:subfield code="r">R. Geor --</marc:subfield>
            <marc:subfield code="t">Chemical arthrodesis of the distal tarsal joints using sodium
                monoiodoacetate in 104 horses /</marc:subfield>
            <marc:subfield code="r">B. Dowling and A. J. Dart.</marc:subfield>
        </marc:datafield>
        <marc:datafield tag="591" ind1=" " ind2=" ">
            <marc:subfield code="b">NAL Reclamation</marc:subfield>
        </marc:datafield>
        <marc:datafield tag="650" ind1=" " ind2="0">
            <marc:subfield code="a">Horses</marc:subfield>
            <marc:subfield code="x">Feeding and feeds</marc:subfield>
            <marc:subfield code="v">Congresses.</marc:subfield>
        </marc:datafield>
        <marc:datafield tag="650" ind1=" " ind2="0">
            <marc:subfield code="a">Horses</marc:subfield>
            <marc:subfield code="x">Nutrition</marc:subfield>
            <marc:subfield code="v">Congresses.</marc:subfield>
        </marc:datafield>
        <marc:datafield tag="655" ind1=" " ind2="7">
            <marc:subfield code="a">Conference papers and proceedings.</marc:subfield>
            <marc:subfield code="2">fast</marc:subfield>
            <marc:subfield code="0">(OCoLC)fst01423772</marc:subfield>
        </marc:datafield>
        <marc:datafield tag="700" ind1="1" ind2=" ">
            <marc:subfield code="a">Pagan, Joe D.</marc:subfield>
        </marc:datafield>
        <marc:datafield tag="710" ind1="2" ind2=" ">
            <marc:subfield code="a">Kentucky Equine Research.</marc:subfield>
            <marc:subfield code="0">http://id.loc.gov/authorities/names/nb2005020601</marc:subfield>
        </marc:datafield>
        <marc:datafield tag="912" ind1=" " ind2=" ">
            <marc:subfield code="a">nalcatalog</marc:subfield>
        </marc:datafield>
        <marc:datafield tag="930" ind1=" " ind2=" ">
            <marc:subfield code="a">20060123</marc:subfield>
            <marc:subfield code="b">20060202</marc:subfield>
            <marc:subfield code="c">00000000</marc:subfield>
        </marc:datafield>
        <marc:datafield tag="938" ind1=" " ind2=" ">
            <marc:subfield code="a">Baker &amp; Taylor</marc:subfield>
            <marc:subfield code="b">BKTY</marc:subfield>
            <marc:subfield code="c">130.00</marc:subfield>
            <marc:subfield code="d">130.00</marc:subfield>
            <marc:subfield code="i">1904761283</marc:subfield>
            <marc:subfield code="n">0007158576</marc:subfield>
            <marc:subfield code="s">active</marc:subfield>
        </marc:datafield>
        <marc:datafield tag="938" ind1=" " ind2=" ">
            <marc:subfield code="a">YBP Library Services</marc:subfield>
            <marc:subfield code="b">YANK</marc:subfield>
            <marc:subfield code="n">100378960</marc:subfield>
        </marc:datafield>
        <marc:datafield tag="945" ind1=" " ind2=" ">
            <marc:subfield code="d">ryounger</marc:subfield>
            <marc:subfield code="e">2006/01/23</marc:subfield>
        </marc:datafield>
        <marc:datafield tag="946" ind1=" " ind2=" ">
            <marc:subfield code="a">Non-US</marc:subfield>
        </marc:datafield>
        <marc:datafield tag="994" ind1=" " ind2=" ">
            <marc:subfield code="a">92</marc:subfield>
            <marc:subfield code="b">AGL</marc:subfield>
        </marc:datafield>
    </marc:record>