
    <marc:record>
        <marc:leader>06088cam a2200529Ma 4500</marc:leader>
        <marc:controlfield tag="001">9915486999807426</marc:controlfield>
        <marc:controlfield tag="005">20221102074044.0</marc:controlfield>
        <marc:controlfield tag="008">920929s1991 enk 100 0 eng </marc:controlfield>
        <marc:datafield tag="015" ind1=" " ind2=" ">
            <marc:subfield code="a">GB9129899</marc:subfield>
            <marc:subfield code="2">bnb</marc:subfield>
        </marc:datafield>
        <marc:datafield tag="016" ind1="7" ind2=" ">
            <marc:subfield code="a">CAT92978385</marc:subfield>
            <marc:subfield code="2">DNAL</marc:subfield>
        </marc:datafield>
        <marc:datafield tag="020" ind1=" " ind2=" ">
            <marc:subfield code="a">0907146066</marc:subfield>
            <marc:subfield code="q">(pbk.)</marc:subfield>
        </marc:datafield>
        <marc:datafield tag="020" ind1=" " ind2=" ">
            <marc:subfield code="a">9780907146063</marc:subfield>
            <marc:subfield code="q">(pbk.)</marc:subfield>
        </marc:datafield>
        <marc:datafield tag="035" ind1=" " ind2=" ">
            <marc:subfield code="a">570079</marc:subfield>
        </marc:datafield>
        <marc:datafield tag="035" ind1=" " ind2=" ">
            <marc:subfield code="a">(OCoLC)24715118</marc:subfield>
        </marc:datafield>
        <marc:datafield tag="035" ind1=" " ind2=" ">
            <marc:subfield code="a">(DNAL)570079-naldb-Voyager</marc:subfield>
        </marc:datafield>
        <marc:datafield tag="040" ind1=" " ind2=" ">
            <marc:subfield code="a">UKM</marc:subfield>
            <marc:subfield code="b">eng</marc:subfield>
            <marc:subfield code="c">UKM</marc:subfield>
            <marc:subfield code="d">AGL</marc:subfield>
            <marc:subfield code="d">OCL</marc:subfield>
            <marc:subfield code="d">OCLCQ</marc:subfield>
            <marc:subfield code="d">HUH</marc:subfield>
            <marc:subfield code="d">INU</marc:subfield>
            <marc:subfield code="d">OCLCF</marc:subfield>
            <marc:subfield code="d">OCLCQ</marc:subfield>
            <marc:subfield code="d">OCLCO</marc:subfield>
            <marc:subfield code="d">OCLCQ</marc:subfield>
            <marc:subfield code="d">OCL</marc:subfield>
            <marc:subfield code="d">OCLCQ</marc:subfield>
            <marc:subfield code="d">WURST</marc:subfield>
        </marc:datafield>
        <marc:datafield tag="043" ind1=" " ind2=" ">
            <marc:subfield code="a">w------</marc:subfield>
        </marc:datafield>
        <marc:datafield tag="049" ind1=" " ind2=" ">
            <marc:subfield code="a">AGLL</marc:subfield>
        </marc:datafield>
        <marc:datafield tag="050" ind1="1" ind2="0">
            <marc:subfield code="a">SF170</marc:subfield>
            <marc:subfield code="b">.D66 1991</marc:subfield>
        </marc:datafield>
        <marc:datafield tag="070" ind1="0" ind2=" ">
            <marc:subfield code="a">SF170.D66</marc:subfield>
            <marc:subfield code="b">1991</marc:subfield>
        </marc:datafield>
        <marc:datafield tag="072" ind1=" " ind2=" ">
            <marc:subfield code="a">L100</marc:subfield>
        </marc:datafield>
        <marc:datafield tag="245" ind1="0" ind2="0">
            <marc:subfield code="a">Donkeys mules and horses in tropical agricultural development
                /</marc:subfield>
            <marc:subfield code="c">edited by D. Fielding, R.A. Peasrson.</marc:subfield>
        </marc:datafield>
        <marc:datafield tag="260" ind1=" " ind2=" ">
            <marc:subfield code="b">Centre for Tropical Veterinary Medicine,</marc:subfield>
            <marc:subfield code="c">1991.</marc:subfield>
        </marc:datafield>
        <marc:datafield tag="300" ind1=" " ind2=" ">
            <marc:subfield code="a">[330] pages</marc:subfield>
        </marc:datafield>
        <marc:datafield tag="336" ind1=" " ind2=" ">
            <marc:subfield code="a">text</marc:subfield>
            <marc:subfield code="b">txt</marc:subfield>
            <marc:subfield code="2">rdacontent</marc:subfield>
        </marc:datafield>
        <marc:datafield tag="337" ind1=" " ind2=" ">
            <marc:subfield code="a">unmediated</marc:subfield>
            <marc:subfield code="b">n</marc:subfield>
            <marc:subfield code="2">rdamedia</marc:subfield>
        </marc:datafield>
        <marc:datafield tag="338" ind1=" " ind2=" ">
            <marc:subfield code="a">volume</marc:subfield>
            <marc:subfield code="b">nc</marc:subfield>
            <marc:subfield code="2">rdacarrier</marc:subfield>
        </marc:datafield>
        <marc:datafield tag="505" ind1="0" ind2="0">
            <marc:subfield code="t">Some aspects of the use of equines in an urban area in Morocco
                /</marc:subfield>
            <marc:subfield code="r">M Bakkoury</marc:subfield>
            <marc:subfield code="g">(2 p.). --</marc:subfield>
            <marc:subfield code="t">Potential and utilisation of the donkey in Malawi
                /</marc:subfield>
            <marc:subfield code="r">W Kumwenda</marc:subfield>
            <marc:subfield code="g">(5 p.). --</marc:subfield>
            <marc:subfield code="t">Transport for rural development in Ethiopia /</marc:subfield>
            <marc:subfield code="r">P Crossley</marc:subfield>
            <marc:subfield code="g">(15 p.). --</marc:subfield>
            <marc:subfield code="t">Number and distribution of equines in the world (Poster)
                /</marc:subfield>
            <marc:subfield code="r">D Fielding</marc:subfield>
            <marc:subfield code="g">(14 p.). --</marc:subfield>
            <marc:subfield code="t">Comparative study of donkey and pony digestive physiology
                /</marc:subfield>
            <marc:subfield code="r">J.L Tisserand</marc:subfield>
            <marc:subfield code="g">(5 p.). --</marc:subfield>
            <marc:subfield code="t">Microbial digestion and its consequences for feeding in the
                horse /</marc:subfield>
            <marc:subfield code="r">J.L Tisserand</marc:subfield>
            <marc:subfield code="g">(6 p.). --</marc:subfield>
            <marc:subfield code="t">Effect of exercise on the digestive efficicncy in donkeys given
                ad libitum hay and straw diets /</marc:subfield>
            <marc:subfield code="r">R.A Pearson</marc:subfield>
            <marc:subfield code="g">(6 p.). --</marc:subfield>
            <marc:subfield code="t">comparison of the responses of donkeys (Equus asinus) and ponies
                86 (Equus caballus) to 36 hours of water deprivation /</marc:subfield>
            <marc:subfield code="r">P.J Mueller</marc:subfield>
            <marc:subfield code="g">(7 p.). --</marc:subfield>
            <marc:subfield code="t">Water homeostasis in desert dwelling horses (Poster)
                /</marc:subfield>
            <marc:subfield code="r">J.C Sneddon</marc:subfield>
            <marc:subfield code="g">(10 p.). --</marc:subfield>
            <marc:subfield code="t">Some physiological values of apparently healthy donkeys in Ghana
                (Poster) /</marc:subfield>
            <marc:subfield code="r">E.A Canacoo</marc:subfield>
            <marc:subfield code="g">(1 p.).</marc:subfield>
        </marc:datafield>
        <marc:datafield tag="505" ind1="0" ind2="0">
            <marc:subfield code="t">Ferdlity in mules and hinnies /</marc:subfield>
            <marc:subfield code="r">A.C Chandley</marc:subfield>
            <marc:subfield code="g">(5 p.). --</marc:subfield>
            <marc:subfield code="t">Equine trypanosomiasis /</marc:subfield>
            <marc:subfield code="r">P.R Barrowman</marc:subfield>
            <marc:subfield code="g">(3 p.). --</marc:subfield>
            <marc:subfield code="t">Viral conditions of equids /</marc:subfield>
            <marc:subfield code="r">S Ramachandran</marc:subfield>
            <marc:subfield code="g">(7 p.). --</marc:subfield>
            <marc:subfield code="t">Control of the 1987 equine influenza epidemic in India and the
                present status of the disease /</marc:subfield>
            <marc:subfield code="r">P.K Uppal</marc:subfield>
            <marc:subfield code="g">(12 p.). --</marc:subfield>
            <marc:subfield code="t">Electron microscopic studies on the structure and replication of
                an equine herpes 133 virus-3 (Poster) /</marc:subfield>
            <marc:subfield code="r">M.P Yadav</marc:subfield>
            <marc:subfield code="g">(7 p.). --</marc:subfield>
            <marc:subfield code="t">Detection of papillomaviral DNA in the sarcoid of the donkey
                (Poster) /</marc:subfield>
            <marc:subfield code="r">S.W.J Reid</marc:subfield>
            <marc:subfield code="g">(2 p.). --</marc:subfield>
            <marc:subfield code="t">comparison of injectable anaesthetic combinations in donkeys
                (Poster) /</marc:subfield>
            <marc:subfield code="r">N.S Matthews</marc:subfield>
            <marc:subfield code="g">(2 p.). --</marc:subfield>
            <marc:subfield code="t">Unifomlity and contrasts of the helminth diseases of equids
                /</marc:subfield>
            <marc:subfield code="r">M.M.H Sewell</marc:subfield>
            <marc:subfield code="g">(1 p.). --</marc:subfield>
            <marc:subfield code="t">Health problems of working donkeys in Debre-Zeit and Menagesha
                Regions of Ethiopia /</marc:subfield>
            <marc:subfield code="r">J.M Yilma</marc:subfield>
            <marc:subfield code="g">(10 p.).</marc:subfield>
        </marc:datafield>
        <marc:datafield tag="505" ind1="0" ind2="0">
            <marc:subfield code="t">Vemlicular endoparasitism in donkeys of Debre-Zeit and
                Menagesha, Ethiopia: strategic treatment with Ivemnectin and Fenbendazole
                /</marc:subfield>
            <marc:subfield code="r">G.A Feseha</marc:subfield>
            <marc:subfield code="g">(5 p.). --</marc:subfield>
            <marc:subfield code="t">Intemal parasites of equines in Zimbabwe /</marc:subfield>
            <marc:subfield code="r">V.S Pandey</marc:subfield>
            <marc:subfield code="g">(11 p.). --</marc:subfield>
            <marc:subfield code="t">Benefit of a strategic dewomning programme in working donkeys in
                Morocco /</marc:subfield>
            <marc:subfield code="r">K Khallaayoune</marc:subfield>
            <marc:subfield code="g">(7 p.). --</marc:subfield>
            <marc:subfield code="t">Work to improve the conditions of donkeys and mules worldwide
                /</marc:subfield>
            <marc:subfield code="r">E.D Svendsen</marc:subfield>
            <marc:subfield code="g">(7 p.). --</marc:subfield>
            <marc:subfield code="t">Management and breeding aspects of donkeys around Awassa,
                Ethiopia /</marc:subfield>
            <marc:subfield code="r">A Mohammed</marc:subfield>
            <marc:subfield code="g">(4 p.). --</marc:subfield>
            <marc:subfield code="t">Management of the donkey: a southern Ghana experience
                /</marc:subfield>
            <marc:subfield code="r">E.A Canacoo</marc:subfield>
            <marc:subfield code="g">(4 p.). --</marc:subfield>
            <marc:subfield code="t">Omdumman system for inspection of transport animals
                /</marc:subfield>
            <marc:subfield code="r">G.J.R Hovell</marc:subfield>
            <marc:subfield code="g">(5 p.). --</marc:subfield>
            <marc:subfield code="t">Breed improvement project -- the Basotho pony /</marc:subfield>
            <marc:subfield code="r">J McCormack</marc:subfield>
            <marc:subfield code="g">(6 p.). --</marc:subfield>
            <marc:subfield code="t">Behaviour, handling and training of equines for appropriate work
                /</marc:subfield>
            <marc:subfield code="r">M Kiley-Worthington</marc:subfield>
            <marc:subfield code="g">(3 p.).</marc:subfield>
        </marc:datafield>
        <marc:datafield tag="505" ind1="0" ind2="0">
            <marc:subfield code="t">Working equine -- what we can leam from research with other
                animals used for draught purposes /</marc:subfield>
            <marc:subfield code="r">A.J Smith</marc:subfield>
            <marc:subfield code="g">(8 p.). --</marc:subfield>
            <marc:subfield code="t">Note on the influence of negative gradients on the energy
                expenditure of donkeys walking, carrying and pulling loads (Poster)
                /</marc:subfield>
            <marc:subfield code="r">J.T Dijkman</marc:subfield>
            <marc:subfield code="g">(2 p.). --</marc:subfield>
            <marc:subfield code="t">Role of donkeys in agricultural mechanisation in Niger :
                potential and limitations /</marc:subfield>
            <marc:subfield code="r">J Betker</marc:subfield>
            <marc:subfield code="g">(8 p.). --</marc:subfield>
            <marc:subfield code="t">use of donkeys as draught animals relative to bovines in the
                communal farming sector of Zimbabwe /</marc:subfield>
            <marc:subfield code="r">V.L Prasad</marc:subfield>
            <marc:subfield code="g">(9 p.). --</marc:subfield>
            <marc:subfield code="t">Human and animal power for rural areas /</marc:subfield>
            <marc:subfield code="r">J.S Ebenezer</marc:subfield>
            <marc:subfield code="g">(5 p.). --</marc:subfield>
            <marc:subfield code="t">Equine based transport /</marc:subfield>
            <marc:subfield code="r">E Iversen</marc:subfield>
            <marc:subfield code="g">(6 p.). --</marc:subfield>
            <marc:subfield code="t">Some designs for donkey carts and animal powered engines
                /</marc:subfield>
            <marc:subfield code="r">A Chadborn</marc:subfield>
            <marc:subfield code="g">(7 p.). --</marc:subfield>
            <marc:subfield code="t">Design and operation of animal/implement systems: guidelines for
                soil cultivation implements /</marc:subfield>
            <marc:subfield code="r">F.M Inns</marc:subfield>
            <marc:subfield code="g">(8 p.). --</marc:subfield>
            <marc:subfield code="t">Harnessing systems for donkeys experiences from Kenya
                /</marc:subfield>
            <marc:subfield code="r">H.J Dibbits</marc:subfield>
            <marc:subfield code="g">(9 p.).</marc:subfield>
        </marc:datafield>
        <marc:datafield tag="505" ind1="0" ind2="0">
            <marc:subfield code="t">Interrelationship between male labour shortage and animal
                draught power: a case study from Botswana /</marc:subfield>
            <marc:subfield code="r">W Kunze</marc:subfield>
            <marc:subfield code="g">(11 p.). --</marc:subfield>
            <marc:subfield code="t">Experiences in donkey draught from West Sudan /</marc:subfield>
            <marc:subfield code="r">C.B Wylam</marc:subfield>
            <marc:subfield code="g">(7 p.). --</marc:subfield>
            <marc:subfield code="t">Socio-economic factors influencing the uptake of animal draught:
                a case study of the Kebkabiya experience /</marc:subfield>
            <marc:subfield code="r">S.P Croxton</marc:subfield>
            <marc:subfield code="g">(7 p.). --</marc:subfield>
            <marc:subfield code="t">Appropriate extension methods for equine users /</marc:subfield>
            <marc:subfield code="r">D Fielding</marc:subfield>
            <marc:subfield code="g">(6 p.). --</marc:subfield>
            <marc:subfield code="t">FARM-Africa -- a possible approach to extension and development
                for equines 306 in the Third World /</marc:subfield>
            <marc:subfield code="r">C.R Field</marc:subfield>
            <marc:subfield code="g">(5 p.). --</marc:subfield>
            <marc:subfield code="t">Overcoming ignorance about donkeys in Zimbabwe a case study
                /</marc:subfield>
            <marc:subfield code="r">P Jones</marc:subfield>
            <marc:subfield code="g">(8 p.). --</marc:subfield>
            <marc:subfield code="t">SPA/SPANA's education programme in Morocco /</marc:subfield>
            <marc:subfield code="r">A Belemlih</marc:subfield>
            <marc:subfield code="g">(3 p.). --</marc:subfield>
            <marc:subfield code="t">Donkeys, mules and horses in tropical agricultural development
                /</marc:subfield>
            <marc:subfield code="r">G.G Freeland</marc:subfield>
            <marc:subfield code="g">(4 p.). --</marc:subfield>
            <marc:subfield code="t">Equines in Ethiopia /</marc:subfield>
            <marc:subfield code="r">R.T Wilson</marc:subfield>
            <marc:subfield code="g">(15 p.).</marc:subfield>
        </marc:datafield>
        <marc:datafield tag="591" ind1=" " ind2=" ">
            <marc:subfield code="b">NAL Reclamation</marc:subfield>
        </marc:datafield>
        <marc:datafield tag="650" ind1=" " ind2="0">
            <marc:subfield code="a">Working animals</marc:subfield>
            <marc:subfield code="z">Tropics</marc:subfield>
            <marc:subfield code="v">Congresses.</marc:subfield>
        </marc:datafield>
        <marc:datafield tag="650" ind1=" " ind2="0">
            <marc:subfield code="a">Donkeys</marc:subfield>
            <marc:subfield code="z">Tropics</marc:subfield>
            <marc:subfield code="v">Congresses.</marc:subfield>
        </marc:datafield>
        <marc:datafield tag="650" ind1=" " ind2="0">
            <marc:subfield code="a">Mules</marc:subfield>
            <marc:subfield code="z">Tropics</marc:subfield>
            <marc:subfield code="v">Congresses.</marc:subfield>
        </marc:datafield>
        <marc:datafield tag="650" ind1=" " ind2="0">
            <marc:subfield code="a">Horses</marc:subfield>
            <marc:subfield code="z">Tropics</marc:subfield>
            <marc:subfield code="v">Congresses.</marc:subfield>
        </marc:datafield>
        <marc:datafield tag="651" ind1=" " ind2="7">
            <marc:subfield code="a">Tropics.</marc:subfield>
            <marc:subfield code="2">fast</marc:subfield>
            <marc:subfield code="0">(OCoLC)fst01240674</marc:subfield>
        </marc:datafield>
        <marc:datafield tag="655" ind1=" " ind2="7">
            <marc:subfield code="a">Conference papers and proceedings.</marc:subfield>
            <marc:subfield code="2">fast</marc:subfield>
            <marc:subfield code="0">(OCoLC)fst01423772</marc:subfield>
        </marc:datafield>
        <marc:datafield tag="700" ind1="1" ind2=" ">
            <marc:subfield code="a">Fielding, D.</marc:subfield>
        </marc:datafield>
        <marc:datafield tag="700" ind1="1" ind2=" ">
            <marc:subfield code="a">Pearson, R. A.</marc:subfield>
        </marc:datafield>
        <marc:datafield tag="776" ind1="0" ind2="8">
            <marc:subfield code="i">Online version:</marc:subfield>
            <marc:subfield code="t">Donkeys mules and horses in tropical agricultural
                development.</marc:subfield>
            <marc:subfield code="d">Centre for Tropical Veterinary Medicine, 1991</marc:subfield>
            <marc:subfield code="w">(OCoLC)690421093</marc:subfield>
        </marc:datafield>
        <marc:datafield tag="912" ind1=" " ind2=" ">
            <marc:subfield code="a">nalcatalog</marc:subfield>
        </marc:datafield>
        <marc:datafield tag="930" ind1=" " ind2=" ">
            <marc:subfield code="a">00000000</marc:subfield>
            <marc:subfield code="b">19940225</marc:subfield>
            <marc:subfield code="c">00000000</marc:subfield>
        </marc:datafield>
        <marc:datafield tag="945" ind1=" " ind2=" ">
            <marc:subfield code="d">ARS</marc:subfield>
            <marc:subfield code="e">92/09/18</marc:subfield>
            <marc:subfield code="f">ARS</marc:subfield>
            <marc:subfield code="g">92/09/21</marc:subfield>
        </marc:datafield>
        <marc:datafield tag="946" ind1=" " ind2=" ">
            <marc:subfield code="a">Non-US</marc:subfield>
        </marc:datafield>
        <marc:datafield tag="994" ind1=" " ind2=" ">
            <marc:subfield code="a">92</marc:subfield>
            <marc:subfield code="b">AGL</marc:subfield>
        </marc:datafield>
    </marc:record>