
    <marc:record>
        <marc:leader>12812cam a22006494a 4500</marc:leader>
        <marc:controlfield tag="001">9915492910107426</marc:controlfield>
        <marc:controlfield tag="005">20221102045256.0</marc:controlfield>
        <marc:controlfield tag="008">041123s2005 nyuab b 001 0 eng c</marc:controlfield>
        <marc:datafield tag="010" ind1=" " ind2=" ">
            <marc:subfield code="a"> 2005297469</marc:subfield>
        </marc:datafield>
        <marc:datafield tag="016" ind1="7" ind2=" ">
            <marc:subfield code="a">CAT30942031</marc:subfield>
            <marc:subfield code="2">DNAL</marc:subfield>
        </marc:datafield>
        <marc:datafield tag="019" ind1=" " ind2=" ">
            <marc:subfield code="a">270844646</marc:subfield>
            <marc:subfield code="a">493125205</marc:subfield>
        </marc:datafield>
        <marc:datafield tag="020" ind1=" " ind2=" ">
            <marc:subfield code="a">0824754964</marc:subfield>
            <marc:subfield code="q">(print)</marc:subfield>
        </marc:datafield>
        <marc:datafield tag="020" ind1=" " ind2=" ">
            <marc:subfield code="a">9780824754969</marc:subfield>
            <marc:subfield code="q">(print)</marc:subfield>
        </marc:datafield>
        <marc:datafield tag="020" ind1=" " ind2=" ">
            <marc:subfield code="a">0824754956</marc:subfield>
            <marc:subfield code="q">(online)</marc:subfield>
        </marc:datafield>
        <marc:datafield tag="020" ind1=" " ind2=" ">
            <marc:subfield code="a">9780824754952</marc:subfield>
            <marc:subfield code="q">(online)</marc:subfield>
        </marc:datafield>
        <marc:datafield tag="020" ind1=" " ind2=" ">
            <marc:subfield code="a">0824747968</marc:subfield>
            <marc:subfield code="q">(combo)</marc:subfield>
        </marc:datafield>
        <marc:datafield tag="020" ind1=" " ind2=" ">
            <marc:subfield code="a">9780824747961</marc:subfield>
            <marc:subfield code="q">(combo)</marc:subfield>
        </marc:datafield>
        <marc:datafield tag="035" ind1=" " ind2=" ">
            <marc:subfield code="a">942031</marc:subfield>
        </marc:datafield>
        <marc:datafield tag="035" ind1=" " ind2=" ">
            <marc:subfield code="a">(OCoLC)57033325</marc:subfield>
            <marc:subfield code="z">(OCoLC)270844646</marc:subfield>
            <marc:subfield code="z">(OCoLC)493125205</marc:subfield>
        </marc:datafield>
        <marc:datafield tag="035" ind1=" " ind2=" ">
            <marc:subfield code="a">(DNAL)942031-naldb-Voyager</marc:subfield>
        </marc:datafield>
        <marc:datafield tag="035" ind1=" " ind2=" ">
            <marc:subfield code="z">(OCoLC)270844646</marc:subfield>
            <marc:subfield code="z">(OCoLC)493125205</marc:subfield>
        </marc:datafield>
        <marc:datafield tag="040" ind1=" " ind2=" ">
            <marc:subfield code="a">MFP</marc:subfield>
            <marc:subfield code="b">eng</marc:subfield>
            <marc:subfield code="c">MFP</marc:subfield>
            <marc:subfield code="d">VPI</marc:subfield>
            <marc:subfield code="d">OCLCQ</marc:subfield>
            <marc:subfield code="d">DLC</marc:subfield>
            <marc:subfield code="d">MUQ</marc:subfield>
            <marc:subfield code="d">BAKER</marc:subfield>
            <marc:subfield code="d">CUX</marc:subfield>
            <marc:subfield code="d">AGL</marc:subfield>
            <marc:subfield code="d">IFK</marc:subfield>
            <marc:subfield code="d">OKS</marc:subfield>
            <marc:subfield code="d">UBA</marc:subfield>
            <marc:subfield code="d">YDXCP</marc:subfield>
            <marc:subfield code="d">OCLCQ</marc:subfield>
            <marc:subfield code="d">DEBBG</marc:subfield>
            <marc:subfield code="d">ZWZ</marc:subfield>
            <marc:subfield code="d">HALAN</marc:subfield>
            <marc:subfield code="d">TULIB</marc:subfield>
            <marc:subfield code="d">BDX</marc:subfield>
            <marc:subfield code="d">OCLCF</marc:subfield>
            <marc:subfield code="d">OCLCQ</marc:subfield>
            <marc:subfield code="d">TRUTT</marc:subfield>
            <marc:subfield code="d">RIU</marc:subfield>
            <marc:subfield code="d">OCLCO</marc:subfield>
            <marc:subfield code="d">XFF</marc:subfield>
            <marc:subfield code="d">OCLCO</marc:subfield>
            <marc:subfield code="d">UAF</marc:subfield>
            <marc:subfield code="d">OLDSC</marc:subfield>
            <marc:subfield code="d">OCLCQ</marc:subfield>
            <marc:subfield code="d">OCLCO</marc:subfield>
            <marc:subfield code="d">WLU</marc:subfield>
            <marc:subfield code="d">OCLCO</marc:subfield>
            <marc:subfield code="d">OCLCQ</marc:subfield>
            <marc:subfield code="d">OCLCO</marc:subfield>
            <marc:subfield code="d">DVR</marc:subfield>
            <marc:subfield code="d">CCH</marc:subfield>
            <marc:subfield code="d">CPO</marc:subfield>
            <marc:subfield code="d">SNN</marc:subfield>
            <marc:subfield code="d">OCLCO</marc:subfield>
            <marc:subfield code="d">OCLCQ</marc:subfield>
            <marc:subfield code="d">XFF</marc:subfield>
            <marc:subfield code="d">OCLCO</marc:subfield>
            <marc:subfield code="d">OCLCQ</marc:subfield>
            <marc:subfield code="d">AU@</marc:subfield>
            <marc:subfield code="d">OCLCO</marc:subfield>
            <marc:subfield code="d">OCLCA</marc:subfield>
        </marc:datafield>
        <marc:datafield tag="042" ind1=" " ind2=" ">
            <marc:subfield code="a">pcc</marc:subfield>
        </marc:datafield>
        <marc:datafield tag="049" ind1=" " ind2=" ">
            <marc:subfield code="a">AGLL</marc:subfield>
        </marc:datafield>
        <marc:datafield tag="050" ind1="0" ind2="0">
            <marc:subfield code="a">SF61</marc:subfield>
            <marc:subfield code="b">.E496 2005</marc:subfield>
        </marc:datafield>
        <marc:datafield tag="070" ind1="0" ind2=" ">
            <marc:subfield code="a">SF61</marc:subfield>
            <marc:subfield code="b">.E55 2005</marc:subfield>
        </marc:datafield>
        <marc:datafield tag="245" ind1="0" ind2="0">
            <marc:subfield code="a">Encyclopedia of animal science /</marc:subfield>
            <marc:subfield code="c">edited by Wilson G. Pond, Alan W. Bell.</marc:subfield>
        </marc:datafield>
        <marc:datafield tag="246" ind1="3" ind2="0">
            <marc:subfield code="a">Animal science</marc:subfield>
        </marc:datafield>
        <marc:datafield tag="260" ind1=" " ind2=" ">
            <marc:subfield code="a">New York, NY :</marc:subfield>
            <marc:subfield code="b">Marcel Dekker,</marc:subfield>
            <marc:subfield code="c">©2005.</marc:subfield>
        </marc:datafield>
        <marc:datafield tag="300" ind1=" " ind2=" ">
            <marc:subfield code="a">xxi, 926 pages :</marc:subfield>
            <marc:subfield code="b">illustrations, map ;</marc:subfield>
            <marc:subfield code="c">29 cm</marc:subfield>
        </marc:datafield>
        <marc:datafield tag="336" ind1=" " ind2=" ">
            <marc:subfield code="a">text</marc:subfield>
            <marc:subfield code="b">txt</marc:subfield>
            <marc:subfield code="2">rdacontent</marc:subfield>
        </marc:datafield>
        <marc:datafield tag="337" ind1=" " ind2=" ">
            <marc:subfield code="a">unmediated</marc:subfield>
            <marc:subfield code="b">n</marc:subfield>
            <marc:subfield code="2">rdamedia</marc:subfield>
        </marc:datafield>
        <marc:datafield tag="338" ind1=" " ind2=" ">
            <marc:subfield code="a">volume</marc:subfield>
            <marc:subfield code="b">nc</marc:subfield>
            <marc:subfield code="2">rdacarrier</marc:subfield>
        </marc:datafield>
        <marc:datafield tag="504" ind1=" " ind2=" ">
            <marc:subfield code="a">Includes bibliographical references and index.</marc:subfield>
        </marc:datafield>
        <marc:datafield tag="505" ind1="0" ind2="0">
            <marc:subfield code="t">Adaptation and Stress: Animal State of Being</marc:subfield>
            <marc:subfield code="g">1 --</marc:subfield>
            <marc:subfield code="t">Adaptation and Stress: Neuroendocrine, Physiological, and
                Behavioral Responses</marc:subfield>
            <marc:subfield code="g">5 --</marc:subfield>
            <marc:subfield code="t">Amino Acids: Metabolism and Functions</marc:subfield>
            <marc:subfield code="g">9 --</marc:subfield>
            <marc:subfield code="t">Angora Goats: Production and Management</marc:subfield>
            <marc:subfield code="g">13 --</marc:subfield>
            <marc:subfield code="t">Animal Agriculture and Social Ethics for Animals</marc:subfield>
            <marc:subfield code="g">16 --</marc:subfield>
            <marc:subfield code="t">Animal By-Products: Biological and Industrial
                Products</marc:subfield>
            <marc:subfield code="g">19 --</marc:subfield>
            <marc:subfield code="t">Animal Handling-Behavior</marc:subfield>
            <marc:subfield code="g">22 --</marc:subfield>
            <marc:subfield code="t">Animal Health:Diagnostics</marc:subfield>
            <marc:subfield code="g">25 --</marc:subfield>
            <marc:subfield code="t">Animal Source Food: Nutritional Value</marc:subfield>
            <marc:subfield code="g">30 --</marc:subfield>
            <marc:subfield code="t">Animal Source Food: Quality and Safety-Meat and
                Poultry</marc:subfield>
            <marc:subfield code="g">33 --</marc:subfield>
            <marc:subfield code="t">Animal Source Food: Quality and Safety-Milk and
                Eggs</marc:subfield>
            <marc:subfield code="g">36 --</marc:subfield>
            <marc:subfield code="t">Antibiotics: Microbial Resistance</marc:subfield>
            <marc:subfield code="g">39 --</marc:subfield>
            <marc:subfield code="t">Antibiotics: Subtherapeutic Levels</marc:subfield>
            <marc:subfield code="g">42 --</marc:subfield>
            <marc:subfield code="t">Antimicrobial Use in Food Animals: Potential
                Alternatives</marc:subfield>
            <marc:subfield code="g">45 --</marc:subfield>
            <marc:subfield code="t">Aquaculture: Production, Processing, Marketing</marc:subfield>
            <marc:subfield code="g">48 --</marc:subfield>
            <marc:subfield code="t">Aquatic Animals: Fishes-Major</marc:subfield>
            <marc:subfield code="g">52 --</marc:subfield>
            <marc:subfield code="t">Aquatic Animals: Fishes-Minor</marc:subfield>
            <marc:subfield code="g">55 --</marc:subfield>
            <marc:subfield code="t">Beef: Carcass Composition and Quality</marc:subfield>
            <marc:subfield code="g">58 --</marc:subfield>
            <marc:subfield code="t">Beef Cattle Management: Crossbreeding</marc:subfield>
            <marc:subfield code="g">61 --</marc:subfield>
            <marc:subfield code="t">Beef Cattle Management: Extensive</marc:subfield>
            <marc:subfield code="g">65 --</marc:subfield>
            <marc:subfield code="t">Beef Cattle Management: Intensive</marc:subfield>
            <marc:subfield code="g">68 --</marc:subfield>
            <marc:subfield code="t">Beef Cattle: Behavior Management and Well-Being</marc:subfield>
            <marc:subfield code="g">71 --</marc:subfield>
            <marc:subfield code="t">Beef Cattle: Breeds and Genetics</marc:subfield>
            <marc:subfield code="g">74 --</marc:subfield>
            <marc:subfield code="t">Beef Cattle: Housing</marc:subfield>
            <marc:subfield code="g">77 --</marc:subfield>
            <marc:subfield code="t">Beef Cattle: Marketing</marc:subfield>
            <marc:subfield code="g">81 --</marc:subfield>
            <marc:subfield code="t">Beef Cattle: Nutritional Management</marc:subfield>
            <marc:subfield code="g">85 --</marc:subfield>
            <marc:subfield code="t">Beef Cattle: Reproduction Management</marc:subfield>
            <marc:subfield code="g">88 --</marc:subfield>
            <marc:subfield code="t">Behavior: Aberrant</marc:subfield>
            <marc:subfield code="g">91 --</marc:subfield>
            <marc:subfield code="t">Behavior: Feeding</marc:subfield>
            <marc:subfield code="g">94 --</marc:subfield>
            <marc:subfield code="t">Behavior: Maternal</marc:subfield>
            <marc:subfield code="g">97 --</marc:subfield>
            <marc:subfield code="t">Behavior: Reproductive</marc:subfield>
            <marc:subfield code="g">101 --</marc:subfield>
            <marc:subfield code="t">Beta Adrenergic Agonists</marc:subfield>
            <marc:subfield code="g">104 --</marc:subfield>
            <marc:subfield code="t">Bioavailability: Amino Acids</marc:subfield>
            <marc:subfield code="g">108 --</marc:subfield>
            <marc:subfield code="t">Bioavailability: Energy</marc:subfield>
            <marc:subfield code="g">111 --</marc:subfield>
            <marc:subfield code="t">Bioavailability: Fat-Soluble Vitamins</marc:subfield>
            <marc:subfield code="g">115 --</marc:subfield>
            <marc:subfield code="t">Bioavailability: Mineral Elements</marc:subfield>
            <marc:subfield code="g">117 --</marc:subfield>
            <marc:subfield code="t">Bioavailability: Water-Soluble Vitamins</marc:subfield>
            <marc:subfield code="g">120 --</marc:subfield>
            <marc:subfield code="t">Biodiversity: Germplasm Banks</marc:subfield>
            <marc:subfield code="g">124 --</marc:subfield>
            <marc:subfield code="t">Biodiversity: Grazing Management</marc:subfield>
            <marc:subfield code="g">127 --</marc:subfield>
            <marc:subfield code="t">Biotechnology: Artificial Insemination</marc:subfield>
            <marc:subfield code="g">130 --</marc:subfield>
            <marc:subfield code="t">Biotechnology: Cloning Animals</marc:subfield>
            <marc:subfield code="g">133 --</marc:subfield>
            <marc:subfield code="t">Biotechnology: Embryo Technology for Cattle</marc:subfield>
            <marc:subfield code="g">136 --</marc:subfield>
            <marc:subfield code="t">Biotechnology: Genetically Modified Feeds</marc:subfield>
            <marc:subfield code="g">139 --</marc:subfield>
            <marc:subfield code="t">Biotechnology: Sexing Sperm</marc:subfield>
            <marc:subfield code="g">143 --</marc:subfield>
            <marc:subfield code="t">Biotechnology: Stem Cell and Germ Cell
                Technology</marc:subfield>
            <marc:subfield code="g">146 --</marc:subfield>
            <marc:subfield code="t">Biotechnology: Transgenic Animals</marc:subfield>
            <marc:subfield code="g">149 --</marc:subfield>
            <marc:subfield code="t">Biotechnology: Xenotransplantation</marc:subfield>
            <marc:subfield code="g">152 --</marc:subfield>
            <marc:subfield code="t">Body Composition: Breed and Species Effects</marc:subfield>
            <marc:subfield code="g">155 --</marc:subfield>
            <marc:subfield code="t">Body Composition: Chemical Analysis</marc:subfield>
            <marc:subfield code="g">159 --</marc:subfield>
            <marc:subfield code="t">Body Composition: Genetic Influence</marc:subfield>
            <marc:subfield code="g">163 --</marc:subfield>
            <marc:subfield code="t">Body Composition: Indirect Measurement</marc:subfield>
            <marc:subfield code="g">166 --</marc:subfield>
            <marc:subfield code="t">Body Composition: Linear Dimensions</marc:subfield>
            <marc:subfield code="g">170 --</marc:subfield>
            <marc:subfield code="t">Body Composition: Nutritional Influence</marc:subfield>
            <marc:subfield code="g">174 --</marc:subfield>
            <marc:subfield code="t">Body Composition: Technical Options for Change</marc:subfield>
            <marc:subfield code="g">177 --</marc:subfield>
            <marc:subfield code="t">By-Product Feeds: Animal Origin</marc:subfield>
            <marc:subfield code="g">180 --</marc:subfield>
            <marc:subfield code="t">By-Product Feeds: Plant Origin</marc:subfield>
            <marc:subfield code="g">184 --</marc:subfield>
            <marc:subfield code="t">Camelids</marc:subfield>
            <marc:subfield code="g">187 --</marc:subfield>
            <marc:subfield code="t">Carcass Composition and Quality: Genetic
                Influence</marc:subfield>
            <marc:subfield code="g">191 --</marc:subfield>
            <marc:subfield code="t">Carcass Composition and Quality: Postmortem</marc:subfield>
            <marc:subfield code="g">195 --</marc:subfield>
            <marc:subfield code="t">Channel Catfish</marc:subfield>
            <marc:subfield code="g">198 --</marc:subfield>
            <marc:subfield code="t">Chickens: Behavior Management and Well-Being</marc:subfield>
            <marc:subfield code="g">202 --</marc:subfield>
            <marc:subfield code="t">Chickens: Broiler Housing</marc:subfield>
            <marc:subfield code="g">205 --</marc:subfield>
            <marc:subfield code="t">Chickens: Broiler Nutrition Management</marc:subfield>
            <marc:subfield code="g">208 --</marc:subfield>
            <marc:subfield code="t">Chickens: Broiler Reproduction Management</marc:subfield>
            <marc:subfield code="g">211 --</marc:subfield>
            <marc:subfield code="t">Chickens: Layer Health Management</marc:subfield>
            <marc:subfield code="g">215 --</marc:subfield>
            <marc:subfield code="t">Chickens: Layer Housing</marc:subfield>
            <marc:subfield code="g">219 --</marc:subfield>
            <marc:subfield code="t">Chickens: Layer Nutrition Management</marc:subfield>
            <marc:subfield code="g">222 --</marc:subfield>
            <marc:subfield code="t">Chickens: Layer Reproduction Management</marc:subfield>
            <marc:subfield code="g">225 --</marc:subfield>
            <marc:subfield code="t">Colostrum</marc:subfield>
            <marc:subfield code="g">229 --</marc:subfield>
            <marc:subfield code="t">Competition for Land Use: Agricultural/Urban
                Interface</marc:subfield>
            <marc:subfield code="g">232 --</marc:subfield>
            <marc:subfield code="t">Conjugated Linoleic Acid</marc:subfield>
            <marc:subfield code="g">235 --</marc:subfield>
            <marc:subfield code="t">Contributions to Society: Biomedical Research
                Models</marc:subfield>
            <marc:subfield code="g">239 --</marc:subfield>
            <marc:subfield code="t">Contributions to Society: Companions and
                Pleasure</marc:subfield>
            <marc:subfield code="g">242 --</marc:subfield>
            <marc:subfield code="t">Contributions to Society: Conversion of Feed to
                Food</marc:subfield>
            <marc:subfield code="g">245 --</marc:subfield>
            <marc:subfield code="t">Contributions to Society: Draft and Transport</marc:subfield>
            <marc:subfield code="g">248 --</marc:subfield>
            <marc:subfield code="t">Contributions to Society: Improved Animal Source
                Foods</marc:subfield>
            <marc:subfield code="g">251 --</marc:subfield>
            <marc:subfield code="t">Contributions to Society: Manure-Fertilizer/Fuel, Developed
                Countries</marc:subfield>
            <marc:subfield code="g">254 --</marc:subfield>
            <marc:subfield code="t">Contributions to Society: Slaughter By-Products</marc:subfield>
            <marc:subfield code="g">258 --</marc:subfield>
            <marc:subfield code="t">Dairy Cattle: Behavior Management and State of
                Being</marc:subfield>
            <marc:subfield code="g">261 --</marc:subfield>
            <marc:subfield code="t">Dairy Cattle: Breeding and Genetics</marc:subfield>
            <marc:subfield code="g">264 --</marc:subfield>
            <marc:subfield code="t">Dairy Cattle: Health Management</marc:subfield>
            <marc:subfield code="g">268 --</marc:subfield>
            <marc:subfield code="t">Dairy Cattle: Nutrition Management</marc:subfield>
            <marc:subfield code="g">272 --</marc:subfield>
            <marc:subfield code="t">Dairy Cattle: Reproduction Management</marc:subfield>
            <marc:subfield code="g">275 --</marc:subfield>
            <marc:subfield code="t">Deer and EIk</marc:subfield>
            <marc:subfield code="g">279 --</marc:subfield>
            <marc:subfield code="t">Digesta Processing and Fermentation</marc:subfield>
            <marc:subfield code="g">282 --</marc:subfield>
            <marc:subfield code="t">Digestion and Absorption of Nutrients</marc:subfield>
            <marc:subfield code="g">285 --</marc:subfield>
            <marc:subfield code="t">Disease Resistance: Genetics</marc:subfield>
            <marc:subfield code="g">288 --</marc:subfield>
            <marc:subfield code="t">Diseases: Metabolic Disorders of Ruminants</marc:subfield>
            <marc:subfield code="g">291 --</marc:subfield>
            <marc:subfield code="t">Domestication of Animals</marc:subfield>
            <marc:subfield code="g">294 --</marc:subfield>
            <marc:subfield code="t">Ducks: Health Management</marc:subfield>
            <marc:subfield code="g">297 --</marc:subfield>
            <marc:subfield code="t">Ducks: Nutrition Management</marc:subfield>
            <marc:subfield code="g">300 --</marc:subfield>
            <marc:subfield code="t">Ecology and Environment: Issues</marc:subfield>
            <marc:subfield code="g">303 --</marc:subfield>
            <marc:subfield code="t">Egg Products: Retail, Catering and Food Service
                Products</marc:subfield>
            <marc:subfield code="g">306 --</marc:subfield>
            <marc:subfield code="t">Eggs: Marketing</marc:subfield>
            <marc:subfield code="g">311 --</marc:subfield>
            <marc:subfield code="t">Eggs: Pricing</marc:subfield>
            <marc:subfield code="g">314 --</marc:subfield>
            <marc:subfield code="t">Eggs: Processing, Inspection, and Grading</marc:subfield>
            <marc:subfield code="g">317 --</marc:subfield>
            <marc:subfield code="t">Egg Products: Industrial Egg Products</marc:subfield>
            <marc:subfield code="g">320 --</marc:subfield>
            <marc:subfield code="t">Eggs: Shell Egg Products</marc:subfield>
            <marc:subfield code="g">325 --</marc:subfield>
            <marc:subfield code="t">Embryo Transfer in Farm Animals</marc:subfield>
            <marc:subfield code="g">329 --</marc:subfield>
            <marc:subfield code="t">Environment: Accommodations for Animals</marc:subfield>
            <marc:subfield code="g">332 --</marc:subfield>
            <marc:subfield code="t">Environment: Effects on Animal Health</marc:subfield>
            <marc:subfield code="g">335 --</marc:subfield>
            <marc:subfield code="t">Environmental Pollutants</marc:subfield>
            <marc:subfield code="g">338 --</marc:subfield>
            <marc:subfield code="t">Estrous Cycle: Cattle, Sheep, Goat</marc:subfield>
            <marc:subfield code="g">342 --</marc:subfield>
            <marc:subfield code="t">Estrous Cycle: Mare, Sow</marc:subfield>
            <marc:subfield code="g">345 --</marc:subfield>
            <marc:subfield code="t">Estrus Synchronization: Cattle</marc:subfield>
            <marc:subfield code="g">349 --</marc:subfield>
            <marc:subfield code="t">Estrus Synchronization: Horses, Pigs, Sheep, and
                Goats</marc:subfield>
            <marc:subfield code="g">353 --</marc:subfield>
            <marc:subfield code="t">Farm Animal Welfare: Philosophical Aspects</marc:subfield>
            <marc:subfield code="g">356 --</marc:subfield>
            <marc:subfield code="t">Feed Quality: External Flow Markers</marc:subfield>
            <marc:subfield code="g">359 --</marc:subfield>
            <marc:subfield code="t">Feed Quality: Natural Plant Markers-Alkanes</marc:subfield>
            <marc:subfield code="g">362 --</marc:subfield>
            <marc:subfield code="t">Feed Quality: Natural Plant Markers-Indigestible
                Fiber</marc:subfield>
            <marc:subfield code="g">365 --</marc:subfield>
            <marc:subfield code="t">Feed Supplements: Antibiotics</marc:subfield>
            <marc:subfield code="g">369 --</marc:subfield>
            <marc:subfield code="t">Feed Supplements: Crystalline Vitamins</marc:subfield>
            <marc:subfield code="g">372 --</marc:subfield>
            <marc:subfield code="t">Feed Supplements: Enzymes, Probiotics, Yeasts</marc:subfield>
            <marc:subfield code="g">376 --</marc:subfield>
            <marc:subfield code="t">Feed Supplements: Mineral Salts</marc:subfield>
            <marc:subfield code="g">379 --</marc:subfield>
            <marc:subfield code="t">Feed Toxicants</marc:subfield>
            <marc:subfield code="g">384 --</marc:subfield>
            <marc:subfield code="t">Feedstuffs: High-Energy Sources</marc:subfield>
            <marc:subfield code="g">387 --</marc:subfield>
            <marc:subfield code="t">Feedstuffs: Nonconventional Energy Sources</marc:subfield>
            <marc:subfield code="g">390 --</marc:subfield>
            <marc:subfield code="t">Feedstuffs: Protein Sources</marc:subfield>
            <marc:subfield code="g">393 --</marc:subfield>
            <marc:subfield code="t">Female Reproduction: Anatomy and Physiology</marc:subfield>
            <marc:subfield code="g">398 --</marc:subfield>
            <marc:subfield code="t">Female Reproduction: Endocrine System</marc:subfield>
            <marc:subfield code="g">404 --</marc:subfield>
            <marc:subfield code="t">Female Reproduction: Maternal-Fetal Relationship</marc:subfield>
            <marc:subfield code="g">408 --</marc:subfield>
            <marc:subfield code="t">Fertilization</marc:subfield>
            <marc:subfield code="g">411 --</marc:subfield>
            <marc:subfield code="t">Fiber-Producing Animals</marc:subfield>
            <marc:subfield code="g">414 --</marc:subfield>
            <marc:subfield code="t">Forages: Grasses</marc:subfield>
            <marc:subfield code="g">417 --</marc:subfield>
            <marc:subfield code="t">Forages: Legumes</marc:subfield>
            <marc:subfield code="g">421 --</marc:subfield>
            <marc:subfield code="t">Forages: Shrubs and Forbs</marc:subfield>
            <marc:subfield code="g">425 --</marc:subfield>
            <marc:subfield code="t">Fur and Mink</marc:subfield>
            <marc:subfield code="g">429 --</marc:subfield>
            <marc:subfield code="t">Future of Animal Agriculture: Demand for Animal
                Products</marc:subfield>
            <marc:subfield code="g">432 --</marc:subfield>
            <marc:subfield code="t">Future of Animal Agriculture: Market Strategies</marc:subfield>
            <marc:subfield code="g">436 --</marc:subfield>
            <marc:subfield code="t">Future of Animal Agriculture: Urban/Rural Agriculture
                Ecosystems</marc:subfield>
            <marc:subfield code="g">440 --</marc:subfield>
            <marc:subfield code="t">GI Tract: Anatomical and Functional Comparisons</marc:subfield>
            <marc:subfield code="g">445 --</marc:subfield>
            <marc:subfield code="t">GI Tract: Animal/Microbial Symbiosis</marc:subfield>
            <marc:subfield code="g">449 --</marc:subfield>
            <marc:subfield code="t">Geese</marc:subfield>
            <marc:subfield code="g">453 --</marc:subfield>
            <marc:subfield code="t">Gene Action, Types of</marc:subfield>
            <marc:subfield code="g">456 --</marc:subfield>
            <marc:subfield code="t">Gene Mapping</marc:subfield>
            <marc:subfield code="g">459 --</marc:subfield>
            <marc:subfield code="t">Genetics: Mendelian</marc:subfield>
            <marc:subfield code="g">463 --</marc:subfield>
            <marc:subfield code="t">Genetics: Molecular</marc:subfield>
            <marc:subfield code="g">466 --</marc:subfield>
            <marc:subfield code="t">Genomics</marc:subfield>
            <marc:subfield code="g">469 --</marc:subfield>
            <marc:subfield code="t">Goat Meat: Carcass Composition/Quality</marc:subfield>
            <marc:subfield code="g">472 --</marc:subfield>
            <marc:subfield code="t">Goat Milk: Composition, Characteristics</marc:subfield>
            <marc:subfield code="g">474 --</marc:subfield>
            <marc:subfield code="t">Goat Milk Products: Quality, Composition, Processing,
                Marketing</marc:subfield>
            <marc:subfield code="g">478 --</marc:subfield>
            <marc:subfield code="t">Goats: Behavior, Stress, and Management</marc:subfield>
            <marc:subfield code="g">482 --</marc:subfield>
            <marc:subfield code="t">Goats: Breeding and Genetics</marc:subfield>
            <marc:subfield code="g">486 --</marc:subfield>
            <marc:subfield code="t">Goats: Breeds</marc:subfield>
            <marc:subfield code="g">489 --</marc:subfield>
            <marc:subfield code="t">Goats: Health Management</marc:subfield>
            <marc:subfield code="g">492 --</marc:subfield>
            <marc:subfield code="t">Goats: Nutrition Management</marc:subfield>
            <marc:subfield code="g">496 --</marc:subfield>
            <marc:subfield code="t">Grazing Practices, Soil Conservation</marc:subfield>
            <marc:subfield code="g">499 --</marc:subfield>
            <marc:subfield code="t">Growth and Development: Avian Embryos</marc:subfield>
            <marc:subfield code="g">502 --</marc:subfield>
            <marc:subfield code="t">Growth and Development: Cell Differentiation</marc:subfield>
            <marc:subfield code="g">505 --</marc:subfield>
            <marc:subfield code="t">Growth and Development: Mammalian Fetus</marc:subfield>
            <marc:subfield code="g">510 --</marc:subfield>
            <marc:subfield code="t">Growth and Development: Postnatal</marc:subfield>
            <marc:subfield code="g">513 --</marc:subfield>
            <marc:subfield code="t">Hormones: Anabolic Agents</marc:subfield>
            <marc:subfield code="g">517 --</marc:subfield>
            <marc:subfield code="t">Hormones: Protein</marc:subfield>
            <marc:subfield code="g">520 --</marc:subfield>
            <marc:subfield code="t">Hormones: Steroid</marc:subfield>
            <marc:subfield code="g">523 --</marc:subfield>
            <marc:subfield code="t">Horse: Nutrition Management</marc:subfield>
            <marc:subfield code="g">528 --</marc:subfield>
            <marc:subfield code="t">Horses: Behavior Management and Well-Being</marc:subfield>
            <marc:subfield code="g">531 --</marc:subfield>
            <marc:subfield code="t">Horses: Breeds/Breeding/Genetics</marc:subfield>
            <marc:subfield code="g">534 --</marc:subfield>
            <marc:subfield code="t">Horses: Reproduction Management</marc:subfield>
            <marc:subfield code="g">536 --</marc:subfield>
            <marc:subfield code="t">Immune System: Nutrition Effects</marc:subfield>
            <marc:subfield code="g">541 --</marc:subfield>
            <marc:subfield code="t">Immune System: Stress Effects</marc:subfield>
            <marc:subfield code="g">544 --</marc:subfield>
            <marc:subfield code="t">Immunity: Acquired</marc:subfield>
            <marc:subfield code="g">548 --</marc:subfield>
            <marc:subfield code="t">Immunity: Innate</marc:subfield>
            <marc:subfield code="g">552 --</marc:subfield>
            <marc:subfield code="t">Implantation</marc:subfield>
            <marc:subfield code="g">555 --</marc:subfield>
            <marc:subfield code="t">International Animal Germplasm Exchange</marc:subfield>
            <marc:subfield code="g">559 --</marc:subfield>
            <marc:subfield code="t">Lactation, Land Mammals, Species Comparisons</marc:subfield>
            <marc:subfield code="g">562 --</marc:subfield>
            <marc:subfield code="t">Lactation, Marine Mammals, Species Comparisons</marc:subfield>
            <marc:subfield code="g">565 --</marc:subfield>
            <marc:subfield code="t">Lamb: Carcass Composition and Quality</marc:subfield>
            <marc:subfield code="g">568 --</marc:subfield>
            <marc:subfield code="t">Lamb: International Marketing</marc:subfield>
            <marc:subfield code="g">571 --</marc:subfield>
            <marc:subfield code="t">Lamb: U.S. Marketing</marc:subfield>
            <marc:subfield code="g">575 --</marc:subfield>
            <marc:subfield code="t">Lipids</marc:subfield>
            <marc:subfield code="g">578 --</marc:subfield>
            <marc:subfield code="t">Livestock Breeds</marc:subfield>
            <marc:subfield code="g">582 --</marc:subfield>
            <marc:subfield code="t">Lower Digestive Tract Microbiology</marc:subfield>
            <marc:subfield code="g">585 --</marc:subfield>
            <marc:subfield code="t">Male Reproduction: Physiological Comparisons</marc:subfield>
            <marc:subfield code="g">588 --</marc:subfield>
            <marc:subfield code="t">Mammals: Carnivores</marc:subfield>
            <marc:subfield code="g">591 --</marc:subfield>
            <marc:subfield code="t">Mammals: Nonruminant Herbivores</marc:subfield>
            <marc:subfield code="g">593 --</marc:subfield>
            <marc:subfield code="t">Mammals: Omnivores</marc:subfield>
            <marc:subfield code="g">597 --</marc:subfield>
            <marc:subfield code="t">Mammals: Ruminants</marc:subfield>
            <marc:subfield code="g">599 --</marc:subfield>
            <marc:subfield code="t">Mammary Glands: Developmental Changes</marc:subfield>
            <marc:subfield code="g">603 --</marc:subfield>
            <marc:subfield code="t">Mathematical Models: Metabolism</marc:subfield>
            <marc:subfield code="g">606 --</marc:subfield>
            <marc:subfield code="t">Mathematical Models: Population Dynamics</marc:subfield>
            <marc:subfield code="g">609 --</marc:subfield>
            <marc:subfield code="t">Mathematical Models: Production Systems</marc:subfield>
            <marc:subfield code="g">612 --</marc:subfield>
            <marc:subfield code="t">Mating Systems</marc:subfield>
            <marc:subfield code="g">615 --</marc:subfield>
            <marc:subfield code="t">Meat Quality in Carcasses: Visual Appraisal</marc:subfield>
            <marc:subfield code="g">619 --</marc:subfield>
            <marc:subfield code="t">Meat Quality in Cattle: Live Evaluation</marc:subfield>
            <marc:subfield code="g">622 --</marc:subfield>
            <marc:subfield code="t">Milk Composition, Species Comparisons</marc:subfield>
            <marc:subfield code="g">625 --</marc:subfield>
            <marc:subfield code="t">Milk Synthesis</marc:subfield>
            <marc:subfield code="g">629 --</marc:subfield>
            <marc:subfield code="t">Milk Yield Differences</marc:subfield>
            <marc:subfield code="g">632 --</marc:subfield>
            <marc:subfield code="t">Mineral Elements: Macro</marc:subfield>
            <marc:subfield code="g">635 --</marc:subfield>
            <marc:subfield code="t">Mineral Elements: Micro (Trace)</marc:subfield>
            <marc:subfield code="g">638 --</marc:subfield>
            <marc:subfield code="t">Mitosis and Meiosis</marc:subfield>
            <marc:subfield code="g">642 --</marc:subfield>
            <marc:subfield code="t">Mohair: Biology and Characteristics</marc:subfield>
            <marc:subfield code="g">645 --</marc:subfield>
            <marc:subfield code="t">Mohair: Production and Marketing</marc:subfield>
            <marc:subfield code="g">649 --</marc:subfield>
            <marc:subfield code="t">Molecular Biology: Animal</marc:subfield>
            <marc:subfield code="g">653 --</marc:subfield>
            <marc:subfield code="t">Molecular Biology: Microbial</marc:subfield>
            <marc:subfield code="g">657 --</marc:subfield>
            <marc:subfield code="t">Myostatin: Physiology and Applications</marc:subfield>
            <marc:subfield code="g">661 --</marc:subfield>
            <marc:subfield code="t">Nutrient Management: Diet Modification</marc:subfield>
            <marc:subfield code="g">664 --</marc:subfield>
            <marc:subfield code="t">Nutrient Management: Water Quality/Use</marc:subfield>
            <marc:subfield code="g">667 --</marc:subfield>
            <marc:subfield code="t">Nutrient Requirements: Carnivores</marc:subfield>
            <marc:subfield code="g">670 --</marc:subfield>
            <marc:subfield code="t">Nutrient Requirements: Nonruminant Herbivores</marc:subfield>
            <marc:subfield code="g">674 --</marc:subfield>
            <marc:subfield code="t">Nutrient Requirements: Ruminants</marc:subfield>
            <marc:subfield code="g">678 --</marc:subfield>
            <marc:subfield code="t">Omega-3 and -6 Fatty Acids</marc:subfield>
            <marc:subfield code="g">681 --</marc:subfield>
            <marc:subfield code="t">Ontogeny: Adipose Tissue</marc:subfield>
            <marc:subfield code="g">684 --</marc:subfield>
            <marc:subfield code="t">Ontogeny: Muscle</marc:subfield>
            <marc:subfield code="g">688 --</marc:subfield>
            <marc:subfield code="t">Ontogeny: Skeleton</marc:subfield>
            <marc:subfield code="g">692 --</marc:subfield>
            <marc:subfield code="t">Overall Contributions of Domestic Animals to
                Society</marc:subfield>
            <marc:subfield code="g">696 --</marc:subfield>
            <marc:subfield code="t">Pathogens in Animal Products: Major Biological
                Hazards</marc:subfield>
            <marc:subfield code="g">698 --</marc:subfield>
            <marc:subfield code="t">Pathogens in Animal Products: Sources and
                Control</marc:subfield>
            <marc:subfield code="g">701 --</marc:subfield>
            <marc:subfield code="t">Phytases</marc:subfield>
            <marc:subfield code="g">704 --</marc:subfield>
            <marc:subfield code="t">Placenta: Development</marc:subfield>
            <marc:subfield code="g">708 --</marc:subfield>
            <marc:subfield code="t">Placenta: Functions</marc:subfield>
            <marc:subfield code="g">712 --</marc:subfield>
            <marc:subfield code="t">Placenta: Types</marc:subfield>
            <marc:subfield code="g">716 --</marc:subfield>
            <marc:subfield code="t">Policy Issues: Local/State Land Use Regulation</marc:subfield>
            <marc:subfield code="g">719 --</marc:subfield>
            <marc:subfield code="t">Policy Issues: Rural/Urban Community Effects</marc:subfield>
            <marc:subfield code="g">722 --</marc:subfield>
            <marc:subfield code="t">Pork: Carcass Composition and Quality</marc:subfield>
            <marc:subfield code="g">725 --</marc:subfield>
            <marc:subfield code="t">Pork: Inspection/Processing/Marketing</marc:subfield>
            <marc:subfield code="g">728 --</marc:subfield>
            <marc:subfield code="t">Poultry Meat: Carcass Composition and
                Characteristics</marc:subfield>
            <marc:subfield code="g">731 --</marc:subfield>
            <marc:subfield code="t">Poultry Meat: Inspection/Grading</marc:subfield>
            <marc:subfield code="g">735 --</marc:subfield>
            <marc:subfield code="t">Poultry Meat: Processing</marc:subfield>
            <marc:subfield code="g">740 --</marc:subfield>
            <marc:subfield code="t">Poultry Production: Manure and Wastewater
                Management</marc:subfield>
            <marc:subfield code="g">744 --</marc:subfield>
            <marc:subfield code="t">Pregnancy: Maternal Response</marc:subfield>
            <marc:subfield code="g">748 --</marc:subfield>
            <marc:subfield code="t">Pregnancy: Recognition/Signaling</marc:subfield>
            <marc:subfield code="g">751 --</marc:subfield>
            <marc:subfield code="t">Probiotics</marc:subfield>
            <marc:subfield code="g">754 --</marc:subfield>
            <marc:subfield code="t">Proteins</marc:subfield>
            <marc:subfield code="g">757 --</marc:subfield>
            <marc:subfield code="t">Quantitative Trait Loci (QTL)</marc:subfield>
            <marc:subfield code="g">760 --</marc:subfield>
            <marc:subfield code="t">Ratites: Biology, Housing, and Management</marc:subfield>
            <marc:subfield code="g">763 --</marc:subfield>
            <marc:subfield code="t">Ratites: Nutrition Management</marc:subfield>
            <marc:subfield code="g">767 --</marc:subfield>
            <marc:subfield code="t">Religious Foods: Jewish and Muslim Laws for Animal
                Slaughter/Welfare</marc:subfield>
            <marc:subfield code="g">770 --</marc:subfield>
            <marc:subfield code="t">Rumen Microbiology</marc:subfield>
            <marc:subfield code="g">773 --</marc:subfield>
            <marc:subfield code="t">Salmon</marc:subfield>
            <marc:subfield code="g">777 --</marc:subfield>
            <marc:subfield code="t">Selection: Marker Assisted</marc:subfield>
            <marc:subfield code="g">781 --</marc:subfield>
            <marc:subfield code="t">Selection: Traditional Methods</marc:subfield>
            <marc:subfield code="g">784 --</marc:subfield>
            <marc:subfield code="t">Sheep: Breeding/Genetics-Improving Meat
                Production</marc:subfield>
            <marc:subfield code="g">787 --</marc:subfield>
            <marc:subfield code="t">Sheep: Health Management</marc:subfield>
            <marc:subfield code="g">791.</marc:subfield>
        </marc:datafield>
        <marc:datafield tag="520" ind1="2" ind2=" ">
            <marc:subfield code="a">Containing case studies that complement key material presented
                in the text, the vast range of this definitive Encyclopedia encompasses animal
                physiology; animal growth and development; animal behavior; animal reproduction and
                breeding; alternative approaches to animal maintenance; meat science and muscle
                biology; farmed animal welfare and bioethics; and food safety.
                (Midwest).</marc:subfield>
        </marc:datafield>
        <marc:datafield tag="506" ind1=" " ind2=" ">
            <marc:subfield code="a">Electronic version is restricted to susbcribing
                institutions.</marc:subfield>
        </marc:datafield>
        <marc:datafield tag="591" ind1=" " ind2=" ">
            <marc:subfield code="b">NAL Reclamation</marc:subfield>
        </marc:datafield>
        <marc:datafield tag="650" ind1=" " ind2="0">
            <marc:subfield code="a">Livestock</marc:subfield>
            <marc:subfield code="v">Encyclopedias.</marc:subfield>
        </marc:datafield>
        <marc:datafield tag="650" ind1=" " ind2="0">
            <marc:subfield code="a">Animal industry</marc:subfield>
            <marc:subfield code="v">Encyclopedias.</marc:subfield>
        </marc:datafield>
        <marc:datafield tag="650" ind1="1" ind2="2">
            <marc:subfield code="a">Animals, Domestic.</marc:subfield>
        </marc:datafield>
        <marc:datafield tag="655" ind1=" " ind2="7">
            <marc:subfield code="a">Encyclopedias.</marc:subfield>
            <marc:subfield code="2">fast</marc:subfield>
            <marc:subfield code="0">(OCoLC)fst01423798</marc:subfield>
        </marc:datafield>
        <marc:datafield tag="655" ind1=" " ind2="7">
            <marc:subfield code="a">Encyclopedias.</marc:subfield>
            <marc:subfield code="2">lcgft</marc:subfield>
        </marc:datafield>
        <marc:datafield tag="655" ind1=" " ind2="2">
            <marc:subfield code="a">Encyclopedia.</marc:subfield>
        </marc:datafield>
        <marc:datafield tag="700" ind1="1" ind2=" ">
            <marc:subfield code="a">Pond, Wilson G.,</marc:subfield>
            <marc:subfield code="d">1930-</marc:subfield>
            <marc:subfield code="0">http://id.loc.gov/authorities/names/n80159031</marc:subfield>
        </marc:datafield>
        <marc:datafield tag="700" ind1="1" ind2=" ">
            <marc:subfield code="a">Bell, Alan W.</marc:subfield>
        </marc:datafield>
        <marc:datafield tag="830" ind1=" " ind2="0">
            <marc:subfield code="a">Informaworld.</marc:subfield>
        </marc:datafield>
        <marc:datafield tag="830" ind1=" " ind2="0">
            <marc:subfield code="a">Dekker.</marc:subfield>
        </marc:datafield>
        <marc:datafield tag="912" ind1=" " ind2=" ">
            <marc:subfield code="a">nalcatalog</marc:subfield>
        </marc:datafield>
        <marc:datafield tag="930" ind1=" " ind2=" ">
            <marc:subfield code="a">20050818</marc:subfield>
            <marc:subfield code="b">00000000</marc:subfield>
            <marc:subfield code="c">00000000</marc:subfield>
        </marc:datafield>
        <marc:datafield tag="938" ind1=" " ind2=" ">
            <marc:subfield code="a">Baker &amp; Taylor</marc:subfield>
            <marc:subfield code="b">BKTY</marc:subfield>
            <marc:subfield code="c">350.00</marc:subfield>
            <marc:subfield code="d">350.00</marc:subfield>
            <marc:subfield code="i">0824754956</marc:subfield>
            <marc:subfield code="n">0006671936</marc:subfield>
            <marc:subfield code="s">active</marc:subfield>
        </marc:datafield>
        <marc:datafield tag="938" ind1=" " ind2=" ">
            <marc:subfield code="a">Baker &amp; Taylor</marc:subfield>
            <marc:subfield code="b">BKTY</marc:subfield>
            <marc:subfield code="c">540.00</marc:subfield>
            <marc:subfield code="d">540.00</marc:subfield>
            <marc:subfield code="i">0824754964</marc:subfield>
            <marc:subfield code="n">0004335796</marc:subfield>
            <marc:subfield code="s">active</marc:subfield>
        </marc:datafield>
        <marc:datafield tag="938" ind1=" " ind2=" ">
            <marc:subfield code="a">Brodart</marc:subfield>
            <marc:subfield code="b">BROD</marc:subfield>
            <marc:subfield code="n">00838330</marc:subfield>
            <marc:subfield code="c">$335.00</marc:subfield>
        </marc:datafield>
        <marc:datafield tag="938" ind1=" " ind2=" ">
            <marc:subfield code="a">YBP Library Services</marc:subfield>
            <marc:subfield code="b">YANK</marc:subfield>
            <marc:subfield code="n">2042650</marc:subfield>
        </marc:datafield>
        <marc:datafield tag="945" ind1=" " ind2=" ">
            <marc:subfield code="d">ryounger</marc:subfield>
            <marc:subfield code="e">2005/08/12</marc:subfield>
        </marc:datafield>
        <marc:datafield tag="946" ind1=" " ind2=" ">
            <marc:subfield code="a">Other US</marc:subfield>
        </marc:datafield>
        <marc:datafield tag="994" ind1=" " ind2=" ">
            <marc:subfield code="a">92</marc:subfield>
            <marc:subfield code="b">AGL</marc:subfield>
        </marc:datafield>
    </marc:record>