
    <marc:record>
        <marc:leader>02715cam a2200481 a 4500</marc:leader>
        <marc:controlfield tag="001">9915496108207426</marc:controlfield>
        <marc:controlfield tag="005">20221102083650.0</marc:controlfield>
        <marc:controlfield tag="008">981021s1999 ilua 001 0 eng </marc:controlfield>
        <marc:datafield tag="010" ind1=" " ind2=" ">
            <marc:subfield code="a"> 96079329 </marc:subfield>
        </marc:datafield>
        <marc:datafield tag="016" ind1="7" ind2=" ">
            <marc:subfield code="a">CAT10856333</marc:subfield>
            <marc:subfield code="2">DNAL</marc:subfield>
        </marc:datafield>
        <marc:datafield tag="020" ind1=" " ind2=" ">
            <marc:subfield code="a">0813431158</marc:subfield>
        </marc:datafield>
        <marc:datafield tag="020" ind1=" " ind2=" ">
            <marc:subfield code="a">9780813431154</marc:subfield>
        </marc:datafield>
        <marc:datafield tag="035" ind1=" " ind2=" ">
            <marc:subfield code="a">821963</marc:subfield>
        </marc:datafield>
        <marc:datafield tag="035" ind1=" " ind2=" ">
            <marc:subfield code="a">(OCoLC)39287504</marc:subfield>
        </marc:datafield>
        <marc:datafield tag="035" ind1=" " ind2=" ">
            <marc:subfield code="a">(DNAL)821963-naldb-Voyager</marc:subfield>
        </marc:datafield>
        <marc:datafield tag="040" ind1=" " ind2=" ">
            <marc:subfield code="a">DLC</marc:subfield>
            <marc:subfield code="b">eng</marc:subfield>
            <marc:subfield code="c">DLC</marc:subfield>
            <marc:subfield code="d">AGL</marc:subfield>
            <marc:subfield code="d">MUQ</marc:subfield>
            <marc:subfield code="d">NOR</marc:subfield>
            <marc:subfield code="d">BTCTA</marc:subfield>
            <marc:subfield code="d">YDXCP</marc:subfield>
            <marc:subfield code="d">BAKER</marc:subfield>
            <marc:subfield code="d">OCLCO</marc:subfield>
            <marc:subfield code="d">OCLCF</marc:subfield>
            <marc:subfield code="d">OCLCQ</marc:subfield>
            <marc:subfield code="d">NTE</marc:subfield>
            <marc:subfield code="d">OCLCO</marc:subfield>
        </marc:datafield>
        <marc:datafield tag="049" ind1=" " ind2=" ">
            <marc:subfield code="a">AGLL</marc:subfield>
        </marc:datafield>
        <marc:datafield tag="050" ind1="0" ind2="0">
            <marc:subfield code="a">SF285</marc:subfield>
            <marc:subfield code="b">.E53 1999</marc:subfield>
        </marc:datafield>
        <marc:datafield tag="070" ind1="0" ind2=" ">
            <marc:subfield code="a">SF285.E53</marc:subfield>
            <marc:subfield code="b">1999</marc:subfield>
        </marc:datafield>
        <marc:datafield tag="072" ind1=" " ind2=" ">
            <marc:subfield code="a">L100</marc:subfield>
        </marc:datafield>
        <marc:datafield tag="100" ind1="1" ind2=" ">
            <marc:subfield code="a">Ensminger, M. Eugene.</marc:subfield>
            <marc:subfield code="0">http://id.loc.gov/authorities/names/n79018195</marc:subfield>
        </marc:datafield>
        <marc:datafield tag="245" ind1="1" ind2="0">
            <marc:subfield code="a">Horses and horsemanship /</marc:subfield>
            <marc:subfield code="c">by M.E. Ensminger.</marc:subfield>
        </marc:datafield>
        <marc:datafield tag="250" ind1=" " ind2=" ">
            <marc:subfield code="a">7th ed.</marc:subfield>
        </marc:datafield>
        <marc:datafield tag="260" ind1=" " ind2=" ">
            <marc:subfield code="a">Danville, Ill. :</marc:subfield>
            <marc:subfield code="b">Interstate Publishers,</marc:subfield>
            <marc:subfield code="c">1999.</marc:subfield>
        </marc:datafield>
        <marc:datafield tag="300" ind1=" " ind2=" ">
            <marc:subfield code="a">ix, 629 pages :</marc:subfield>
            <marc:subfield code="b">illustrations (some color) ;</marc:subfield>
            <marc:subfield code="c">29 cm.</marc:subfield>
        </marc:datafield>
        <marc:datafield tag="336" ind1=" " ind2=" ">
            <marc:subfield code="a">text</marc:subfield>
            <marc:subfield code="b">txt</marc:subfield>
            <marc:subfield code="2">rdacontent</marc:subfield>
        </marc:datafield>
        <marc:datafield tag="337" ind1=" " ind2=" ">
            <marc:subfield code="a">unmediated</marc:subfield>
            <marc:subfield code="b">n</marc:subfield>
            <marc:subfield code="2">rdamedia</marc:subfield>
        </marc:datafield>
        <marc:datafield tag="338" ind1=" " ind2=" ">
            <marc:subfield code="a">volume</marc:subfield>
            <marc:subfield code="b">nc</marc:subfield>
            <marc:subfield code="2">rdacarrier</marc:subfield>
        </marc:datafield>
        <marc:datafield tag="490" ind1="1" ind2=" ">
            <marc:subfield code="a">Animal agriculture series</marc:subfield>
        </marc:datafield>
        <marc:datafield tag="505" ind1="0" ind2="0">
            <marc:subfield code="g">1.</marc:subfield>
            <marc:subfield code="t">History and development of the horse industry --</marc:subfield>
            <marc:subfield code="g">2.</marc:subfield>
            <marc:subfield code="t">Distribution, adaptation, and the future of the horse industry
                --</marc:subfield>
            <marc:subfield code="g">3.</marc:subfield>
            <marc:subfield code="t">Functional anatomy of the horse --</marc:subfield>
            <marc:subfield code="g">4.</marc:subfield>
            <marc:subfield code="t">Selecting and judging horses --</marc:subfield>
            <marc:subfield code="g">5.</marc:subfield>
            <marc:subfield code="t">Determining the age and height of horses --</marc:subfield>
            <marc:subfield code="g">6.</marc:subfield>
            <marc:subfield code="t">Unsoundnesses and stable vices --</marc:subfield>
            <marc:subfield code="g">7.</marc:subfield>
            <marc:subfield code="t">The horse in action --</marc:subfield>
            <marc:subfield code="g">8.</marc:subfield>
            <marc:subfield code="t">Types and classes of light horses according to use
                --</marc:subfield>
            <marc:subfield code="g">9.</marc:subfield>
            <marc:subfield code="t">Types and classes of work horses and mules --</marc:subfield>
            <marc:subfield code="g">10.</marc:subfield>
            <marc:subfield code="t">Breeds of light horses --</marc:subfield>
            <marc:subfield code="g">11.</marc:subfield>
            <marc:subfield code="t">Breeds of draft horses ; jacks and donkeys --</marc:subfield>
            <marc:subfield code="g">12.</marc:subfield>
            <marc:subfield code="t">Breeding horses --</marc:subfield>
            <marc:subfield code="g">13.</marc:subfield>
            <marc:subfield code="t">Feeding horses --</marc:subfield>
            <marc:subfield code="g">14.</marc:subfield>
            <marc:subfield code="g">Buildings and equipment for horses --</marc:subfield>
            <marc:subfield code="g">15.</marc:subfield>
            <marc:subfield code="t">Horse health, disease prevention, and parasite control
                --</marc:subfield>
            <marc:subfield code="g">16.</marc:subfield>
            <marc:subfield code="t">Horse behavior/training/environment --</marc:subfield>
            <marc:subfield code="g">17.</marc:subfield>
            <marc:subfield code="t">Horsemanship --</marc:subfield>
            <marc:subfield code="g">18.</marc:subfield>
            <marc:subfield code="t">Management --</marc:subfield>
            <marc:subfield code="g">19.</marc:subfield>
            <marc:subfield code="t">Business aspects of horse production --</marc:subfield>
            <marc:subfield code="g">20.</marc:subfield>
            <marc:subfield code="t">Glossary of horse terms --</marc:subfield>
            <marc:subfield code="g">21.</marc:subfield>
            <marc:subfield code="t">Careers in the world of horses.</marc:subfield>
        </marc:datafield>
        <marc:datafield tag="591" ind1=" " ind2=" ">
            <marc:subfield code="b">NAL Reclamation</marc:subfield>
        </marc:datafield>
        <marc:datafield tag="650" ind1=" " ind2="0">
            <marc:subfield code="a">Horses.</marc:subfield>
            <marc:subfield code="0"
                >http://id.loc.gov/authorities/subjects/sh85062160</marc:subfield>
        </marc:datafield>
        <marc:datafield tag="650" ind1=" " ind2="0">
            <marc:subfield code="a">Horsemanship.</marc:subfield>
            <marc:subfield code="0"
                >http://id.loc.gov/authorities/subjects/sh85062144</marc:subfield>
        </marc:datafield>
        <marc:datafield tag="776" ind1="0" ind2="8">
            <marc:subfield code="i">Online version:</marc:subfield>
            <marc:subfield code="a">Ensminger, M. Eugene.</marc:subfield>
            <marc:subfield code="t">Horses and horsemanship.</marc:subfield>
            <marc:subfield code="b">7th ed.</marc:subfield>
            <marc:subfield code="d">Danville, Ill. : Interstate Publishers, 1999</marc:subfield>
            <marc:subfield code="w">(OCoLC)767576040</marc:subfield>
        </marc:datafield>
        <marc:datafield tag="800" ind1="1" ind2=" ">
            <marc:subfield code="a">Ensminger, M. Eugene.</marc:subfield>
            <marc:subfield code="t">Animal agriculture series</marc:subfield>
            <marc:subfield code="0">http://id.loc.gov/authorities/names/n83722265</marc:subfield>
        </marc:datafield>
        <marc:datafield tag="912" ind1=" " ind2=" ">
            <marc:subfield code="a">nalcatalog</marc:subfield>
        </marc:datafield>
        <marc:datafield tag="930" ind1=" " ind2=" ">
            <marc:subfield code="a">19981102</marc:subfield>
            <marc:subfield code="b">19981110</marc:subfield>
            <marc:subfield code="c">00000000</marc:subfield>
        </marc:datafield>
        <marc:datafield tag="938" ind1=" " ind2=" ">
            <marc:subfield code="a">Baker &amp; Taylor</marc:subfield>
            <marc:subfield code="b">BKTY</marc:subfield>
            <marc:subfield code="c">66.70</marc:subfield>
            <marc:subfield code="d">66.70</marc:subfield>
            <marc:subfield code="i">0813431158</marc:subfield>
            <marc:subfield code="n">0003136750</marc:subfield>
            <marc:subfield code="s">active</marc:subfield>
        </marc:datafield>
        <marc:datafield tag="938" ind1=" " ind2=" ">
            <marc:subfield code="a">Baker and Taylor</marc:subfield>
            <marc:subfield code="b">BTCP</marc:subfield>
            <marc:subfield code="n">96079329</marc:subfield>
        </marc:datafield>
        <marc:datafield tag="938" ind1=" " ind2=" ">
            <marc:subfield code="a">YBP Library Services</marc:subfield>
            <marc:subfield code="b">YANK</marc:subfield>
            <marc:subfield code="n">1565791</marc:subfield>
        </marc:datafield>
        <marc:datafield tag="945" ind1=" " ind2=" ">
            <marc:subfield code="d">EJ</marc:subfield>
            <marc:subfield code="e">98/10/20</marc:subfield>
            <marc:subfield code="f">EJ</marc:subfield>
            <marc:subfield code="g">98/10/21</marc:subfield>
        </marc:datafield>
        <marc:datafield tag="946" ind1=" " ind2=" ">
            <marc:subfield code="a">Other US</marc:subfield>
        </marc:datafield>
        <marc:datafield tag="994" ind1=" " ind2=" ">
            <marc:subfield code="a">92</marc:subfield>
            <marc:subfield code="b">AGL</marc:subfield>
        </marc:datafield>
    </marc:record>