
    <marc:record>
        <marc:leader>02281cam a2200505Ma 4500</marc:leader>
        <marc:controlfield tag="001">9915505552307426</marc:controlfield>
        <marc:controlfield tag="005">20221102093602.0</marc:controlfield>
        <marc:controlfield tag="008">920620s1894 enkaef 001 0 eng d</marc:controlfield>
        <marc:datafield tag="016" ind1="7" ind2=" ">
            <marc:subfield code="a">CAT10507244</marc:subfield>
            <marc:subfield code="2">DNAL</marc:subfield>
        </marc:datafield>
        <marc:datafield tag="019" ind1=" " ind2=" ">
            <marc:subfield code="a">8199915</marc:subfield>
            <marc:subfield code="a">315665038</marc:subfield>
        </marc:datafield>
        <marc:datafield tag="035" ind1=" " ind2=" ">
            <marc:subfield code="a">398101</marc:subfield>
        </marc:datafield>
        <marc:datafield tag="035" ind1=" " ind2=" ">
            <marc:subfield code="a">(OCoLC)228740690</marc:subfield>
            <marc:subfield code="z">(OCoLC)8199915</marc:subfield>
            <marc:subfield code="z">(OCoLC)315665038</marc:subfield>
        </marc:datafield>
        <marc:datafield tag="035" ind1=" " ind2=" ">
            <marc:subfield code="a">(DNAL)398101-naldb-Voyager</marc:subfield>
        </marc:datafield>
        <marc:datafield tag="035" ind1=" " ind2=" ">
            <marc:subfield code="z">(OCoLC)8199915</marc:subfield>
            <marc:subfield code="z">(OCoLC)315665038</marc:subfield>
        </marc:datafield>
        <marc:datafield tag="040" ind1=" " ind2=" ">
            <marc:subfield code="a">HUV</marc:subfield>
            <marc:subfield code="b">eng</marc:subfield>
            <marc:subfield code="e">dcrb</marc:subfield>
            <marc:subfield code="c">HUV</marc:subfield>
            <marc:subfield code="d">PLF</marc:subfield>
            <marc:subfield code="d">AGL</marc:subfield>
            <marc:subfield code="d">ZAP</marc:subfield>
            <marc:subfield code="d">OCLCF</marc:subfield>
            <marc:subfield code="d">OCLCO</marc:subfield>
            <marc:subfield code="d">OCLCQ</marc:subfield>
            <marc:subfield code="d">OCLCO</marc:subfield>
            <marc:subfield code="d">OCLCQ</marc:subfield>
            <marc:subfield code="d">OCLCO</marc:subfield>
            <marc:subfield code="d">OCL</marc:subfield>
            <marc:subfield code="d">OCLCO</marc:subfield>
            <marc:subfield code="d">OCLCQ</marc:subfield>
            <marc:subfield code="d">OCL</marc:subfield>
            <marc:subfield code="d">OCLCQ</marc:subfield>
            <marc:subfield code="d">OCLCO</marc:subfield>
        </marc:datafield>
        <marc:datafield tag="049" ind1=" " ind2=" ">
            <marc:subfield code="a">RQIA</marc:subfield>
        </marc:datafield>
        <marc:datafield tag="050" ind1="1" ind2="0">
            <marc:subfield code="a">SF285</marc:subfield>
            <marc:subfield code="b">.A69 1894</marc:subfield>
        </marc:datafield>
        <marc:datafield tag="070" ind1="0" ind2=" ">
            <marc:subfield code="a">42</marc:subfield>
            <marc:subfield code="b">Ar5H</marc:subfield>
        </marc:datafield>
        <marc:datafield tag="072" ind1=" " ind2=" ">
            <marc:subfield code="a">L100</marc:subfield>
        </marc:datafield>
        <marc:datafield tag="072" ind1=" " ind2=" ">
            <marc:subfield code="a">L830</marc:subfield>
        </marc:datafield>
        <marc:datafield tag="100" ind1="1" ind2=" ">
            <marc:subfield code="a">Armatage, George.</marc:subfield>
        </marc:datafield>
        <marc:datafield tag="245" ind1="1" ind2="4">
            <marc:subfield code="a">The horse :</marc:subfield>
            <marc:subfield code="b">its varieties and management in health and disease
                /</marc:subfield>
            <marc:subfield code="c">by George Armatage, M.R.C.V.S. formerly lecturer in the Albert
                and Glasgow Veterinary Colleges author of &quot;The horse doctor,&quot; &quot;The
                cattle doctor,&quot; etc. With full-page and other illustrations.</marc:subfield>
        </marc:datafield>
        <marc:datafield tag="250" ind1=" " ind2=" ">
            <marc:subfield code="a">Revised and enlarged.</marc:subfield>
        </marc:datafield>
        <marc:datafield tag="260" ind1=" " ind2=" ">
            <marc:subfield code="a">London :</marc:subfield>
            <marc:subfield code="b">Frederick Warne and Co. and New York,</marc:subfield>
            <marc:subfield code="c">1894.</marc:subfield>
        </marc:datafield>
        <marc:datafield tag="300" ind1=" " ind2=" ">
            <marc:subfield code="a">XIV, [2], 272 p., [16] leaves of plates :</marc:subfield>
            <marc:subfield code="b">ill., plans ;</marc:subfield>
            <marc:subfield code="c">19 cm.</marc:subfield>
        </marc:datafield>
        <marc:datafield tag="336" ind1=" " ind2=" ">
            <marc:subfield code="a">text</marc:subfield>
            <marc:subfield code="b">txt</marc:subfield>
            <marc:subfield code="2">rdacontent</marc:subfield>
        </marc:datafield>
        <marc:datafield tag="337" ind1=" " ind2=" ">
            <marc:subfield code="a">unmediated</marc:subfield>
            <marc:subfield code="b">n</marc:subfield>
            <marc:subfield code="2">rdamedia</marc:subfield>
        </marc:datafield>
        <marc:datafield tag="338" ind1=" " ind2=" ">
            <marc:subfield code="a">volume</marc:subfield>
            <marc:subfield code="b">nc</marc:subfield>
            <marc:subfield code="2">rdacarrier</marc:subfield>
        </marc:datafield>
        <marc:datafield tag="591" ind1=" " ind2=" ">
            <marc:subfield code="b">NAL Reclamation</marc:subfield>
        </marc:datafield>
        <marc:datafield tag="650" ind1=" " ind2="0">
            <marc:subfield code="a">Horses.</marc:subfield>
            <marc:subfield code="0"
                >http://id.loc.gov/authorities/subjects/sh85062160</marc:subfield>
        </marc:datafield>
        <marc:datafield tag="650" ind1=" " ind2="0">
            <marc:subfield code="a">Horses</marc:subfield>
            <marc:subfield code="x">Diseases</marc:subfield>
            <marc:subfield code="x">Treatment.</marc:subfield>
        </marc:datafield>
        <marc:datafield tag="650" ind1=" " ind2="0">
            <marc:subfield code="a">Veterinary medicine.</marc:subfield>
            <marc:subfield code="0"
                >http://id.loc.gov/authorities/subjects/sh85143046</marc:subfield>
        </marc:datafield>
        <marc:datafield tag="650" ind1=" " ind2="0">
            <marc:subfield code="a">Horsemanship.</marc:subfield>
            <marc:subfield code="0"
                >http://id.loc.gov/authorities/subjects/sh85062144</marc:subfield>
        </marc:datafield>
        <marc:datafield tag="650" ind1=" " ind2="0">
            <marc:subfield code="a">Horse breeds.</marc:subfield>
            <marc:subfield code="0"
                >http://id.loc.gov/authorities/subjects/sh85062096</marc:subfield>
        </marc:datafield>
        <marc:datafield tag="655" ind1=" " ind2="7">
            <marc:subfield code="a">Armorial bookplates (Provenance)</marc:subfield>
            <marc:subfield code="5">CSmH.</marc:subfield>
            <marc:subfield code="2">rbprov</marc:subfield>
        </marc:datafield>
        <marc:datafield tag="700" ind1="1" ind2=" ">
            <marc:subfield code="a">Lasker, Cynthia,</marc:subfield>
            <marc:subfield code="e">donor.</marc:subfield>
        </marc:datafield>
        <marc:datafield tag="710" ind1="2" ind2=" ">
            <marc:subfield code="a">Ballantyne, Hanson and Co.,</marc:subfield>
            <marc:subfield code="e">printer.</marc:subfield>
            <marc:subfield code="0">http://id.loc.gov/authorities/names/nr2002044379</marc:subfield>
        </marc:datafield>
        <marc:datafield tag="710" ind1="2" ind2=" ">
            <marc:subfield code="a">Frederick Warne (Firm),</marc:subfield>
            <marc:subfield code="e">publisher.</marc:subfield>
            <marc:subfield code="0">http://id.loc.gov/authorities/names/n87820664</marc:subfield>
        </marc:datafield>
        <marc:datafield tag="752" ind1=" " ind2=" ">
            <marc:subfield code="a">England</marc:subfield>
            <marc:subfield code="d">London.</marc:subfield>
        </marc:datafield>
        <marc:datafield tag="752" ind1=" " ind2=" ">
            <marc:subfield code="a">United States</marc:subfield>
            <marc:subfield code="b">New York</marc:subfield>
            <marc:subfield code="d">New York.</marc:subfield>
        </marc:datafield>
        <marc:datafield tag="776" ind1="0" ind2="8">
            <marc:subfield code="i">Online version:</marc:subfield>
            <marc:subfield code="a">Armatage, George.</marc:subfield>
            <marc:subfield code="t">Horse.</marc:subfield>
            <marc:subfield code="b">Rev. and enl.</marc:subfield>
            <marc:subfield code="d">London, Warne, 1894</marc:subfield>
            <marc:subfield code="w">(OCoLC)613209420</marc:subfield>
        </marc:datafield>
        <marc:datafield tag="912" ind1=" " ind2=" ">
            <marc:subfield code="a">nalcatalog</marc:subfield>
        </marc:datafield>
        <marc:datafield tag="930" ind1=" " ind2=" ">
            <marc:subfield code="a">00000000</marc:subfield>
            <marc:subfield code="b">00000000</marc:subfield>
            <marc:subfield code="c">00000000</marc:subfield>
        </marc:datafield>
        <marc:datafield tag="946" ind1=" " ind2=" ">
            <marc:subfield code="a">Non-US</marc:subfield>
        </marc:datafield>
        <marc:datafield tag="994" ind1=" " ind2=" ">
            <marc:subfield code="a">92</marc:subfield>
            <marc:subfield code="b">AGL</marc:subfield>
        </marc:datafield>
    </marc:record>