
    <marc:record>
        <marc:leader>03720cam a22005774a 4500</marc:leader>
        <marc:controlfield tag="001">9915507395107426</marc:controlfield>
        <marc:controlfield tag="005">20221102114456.0</marc:controlfield>
        <marc:controlfield tag="008">000928s2000 mdua b 001 0 eng </marc:controlfield>
        <marc:datafield tag="010" ind1=" " ind2=" ">
            <marc:subfield code="a"> 00042010 </marc:subfield>
        </marc:datafield>
        <marc:datafield tag="016" ind1="7" ind2=" ">
            <marc:subfield code="a">CAT11083042</marc:subfield>
            <marc:subfield code="2">DNAL</marc:subfield>
        </marc:datafield>
        <marc:datafield tag="019" ind1=" " ind2=" ">
            <marc:subfield code="a">59540853</marc:subfield>
            <marc:subfield code="a">1022682066</marc:subfield>
        </marc:datafield>
        <marc:datafield tag="020" ind1=" " ind2=" ">
            <marc:subfield code="a">1572921544</marc:subfield>
            <marc:subfield code="q">(cloth ;</marc:subfield>
            <marc:subfield code="q">alk. paper)</marc:subfield>
        </marc:datafield>
        <marc:datafield tag="020" ind1=" " ind2=" ">
            <marc:subfield code="a">9781572921542</marc:subfield>
            <marc:subfield code="q">(cloth ;</marc:subfield>
            <marc:subfield code="q">alk. paper)</marc:subfield>
        </marc:datafield>
        <marc:datafield tag="020" ind1=" " ind2=" ">
            <marc:subfield code="a">1572921536</marc:subfield>
            <marc:subfield code="q">(pbk. ;</marc:subfield>
            <marc:subfield code="q">alk. paper)</marc:subfield>
        </marc:datafield>
        <marc:datafield tag="020" ind1=" " ind2=" ">
            <marc:subfield code="a">9781572921535</marc:subfield>
            <marc:subfield code="q">(pbk. ;</marc:subfield>
            <marc:subfield code="q">alk. paper)</marc:subfield>
        </marc:datafield>
        <marc:datafield tag="035" ind1=" " ind2=" ">
            <marc:subfield code="a">856333</marc:subfield>
        </marc:datafield>
        <marc:datafield tag="035" ind1=" " ind2=" ">
            <marc:subfield code="a">(OCoLC)44131805</marc:subfield>
            <marc:subfield code="z">(OCoLC)59540853</marc:subfield>
            <marc:subfield code="z">(OCoLC)1022682066</marc:subfield>
        </marc:datafield>
        <marc:datafield tag="035" ind1=" " ind2=" ">
            <marc:subfield code="a">(DNAL)856333-naldb-Voyager</marc:subfield>
        </marc:datafield>
        <marc:datafield tag="035" ind1=" " ind2=" ">
            <marc:subfield code="z">(OCoLC)59540853</marc:subfield>
            <marc:subfield code="z">(OCoLC)1022682066</marc:subfield>
        </marc:datafield>
        <marc:datafield tag="040" ind1=" " ind2=" ">
            <marc:subfield code="a">DLC</marc:subfield>
            <marc:subfield code="b">eng</marc:subfield>
            <marc:subfield code="c">DLC</marc:subfield>
            <marc:subfield code="d">YDX</marc:subfield>
            <marc:subfield code="d">CUX</marc:subfield>
            <marc:subfield code="d">BAKER</marc:subfield>
            <marc:subfield code="d">BTCTA</marc:subfield>
            <marc:subfield code="d">YDXCP</marc:subfield>
            <marc:subfield code="d">EXW</marc:subfield>
            <marc:subfield code="d">IG#</marc:subfield>
            <marc:subfield code="d">OCLCF</marc:subfield>
            <marc:subfield code="d">OCLCO</marc:subfield>
            <marc:subfield code="d">OCLCQ</marc:subfield>
            <marc:subfield code="d">WLU</marc:subfield>
            <marc:subfield code="d">CSJ</marc:subfield>
            <marc:subfield code="d">OCLCQ</marc:subfield>
            <marc:subfield code="d">AGL</marc:subfield>
        </marc:datafield>
        <marc:datafield tag="042" ind1=" " ind2=" ">
            <marc:subfield code="a">pcc</marc:subfield>
        </marc:datafield>
        <marc:datafield tag="049" ind1=" " ind2=" ">
            <marc:subfield code="a">AGLL</marc:subfield>
        </marc:datafield>
        <marc:datafield tag="050" ind1="0" ind2="0">
            <marc:subfield code="a">QL85</marc:subfield>
            <marc:subfield code="b">.S6 2000</marc:subfield>
        </marc:datafield>
        <marc:datafield tag="070" ind1="0" ind2=" ">
            <marc:subfield code="a">QL85</marc:subfield>
            <marc:subfield code="b">.S6 2000</marc:subfield>
        </marc:datafield>
        <marc:datafield tag="072" ind1=" " ind2=" ">
            <marc:subfield code="a">X800</marc:subfield>
        </marc:datafield>
        <marc:datafield tag="072" ind1=" " ind2=" ">
            <marc:subfield code="a">L800</marc:subfield>
        </marc:datafield>
        <marc:datafield tag="072" ind1=" " ind2=" ">
            <marc:subfield code="a">X380</marc:subfield>
        </marc:datafield>
        <marc:datafield tag="100" ind1="1" ind2=" ">
            <marc:subfield code="a">Soave, Orland A.</marc:subfield>
        </marc:datafield>
        <marc:datafield tag="245" ind1="1" ind2="4">
            <marc:subfield code="a">The animal/human bond :</marc:subfield>
            <marc:subfield code="b">a cultural survey /</marc:subfield>
            <marc:subfield code="c">Orland Soave.</marc:subfield>
        </marc:datafield>
        <marc:datafield tag="250" ind1=" " ind2=" ">
            <marc:subfield code="a">2nd ed.</marc:subfield>
        </marc:datafield>
        <marc:datafield tag="260" ind1=" " ind2=" ">
            <marc:subfield code="a">Lanham :</marc:subfield>
            <marc:subfield code="b">Austin &amp; Winfield Publishers,</marc:subfield>
            <marc:subfield code="c">©2000.</marc:subfield>
        </marc:datafield>
        <marc:datafield tag="300" ind1=" " ind2=" ">
            <marc:subfield code="a">ix, 240 pages :</marc:subfield>
            <marc:subfield code="b">illustrations ;</marc:subfield>
            <marc:subfield code="c">24 cm</marc:subfield>
        </marc:datafield>
        <marc:datafield tag="336" ind1=" " ind2=" ">
            <marc:subfield code="a">text</marc:subfield>
            <marc:subfield code="b">txt</marc:subfield>
            <marc:subfield code="2">rdacontent</marc:subfield>
        </marc:datafield>
        <marc:datafield tag="337" ind1=" " ind2=" ">
            <marc:subfield code="a">unmediated</marc:subfield>
            <marc:subfield code="b">n</marc:subfield>
            <marc:subfield code="2">rdamedia</marc:subfield>
        </marc:datafield>
        <marc:datafield tag="338" ind1=" " ind2=" ">
            <marc:subfield code="a">volume</marc:subfield>
            <marc:subfield code="b">nc</marc:subfield>
            <marc:subfield code="2">rdacarrier</marc:subfield>
        </marc:datafield>
        <marc:datafield tag="504" ind1=" " ind2=" ">
            <marc:subfield code="a">Includes bibliographical references (pages 217-233) and
                index.</marc:subfield>
        </marc:datafield>
        <marc:datafield tag="505" ind1="0" ind2="0">
            <marc:subfield code="t">Hunter to Villager --</marc:subfield>
            <marc:subfield code="t">Domestication of Animals --</marc:subfield>
            <marc:subfield code="t">Sheep and Goats --</marc:subfield>
            <marc:subfield code="t">Cattle --</marc:subfield>
            <marc:subfield code="t">Swine --</marc:subfield>
            <marc:subfield code="t">The Horse --</marc:subfield>
            <marc:subfield code="t">The Horseshoe as a Symbol and in Superstition --</marc:subfield>
            <marc:subfield code="t">The Dog --</marc:subfield>
            <marc:subfield code="t">Cats --</marc:subfield>
            <marc:subfield code="t">The Mouse --</marc:subfield>
            <marc:subfield code="t">Animals in the Bible --</marc:subfield>
            <marc:subfield code="t">Clean and Unclean Animals in the Bible --</marc:subfield>
            <marc:subfield code="t">Mythical Animals --</marc:subfield>
            <marc:subfield code="t">Dragons and Serpents --</marc:subfield>
            <marc:subfield code="t">The Ouroboros --</marc:subfield>
            <marc:subfield code="t">The Hydra --</marc:subfield>
            <marc:subfield code="t">The Manticora --</marc:subfield>
            <marc:subfield code="t">The Amphisbaena --</marc:subfield>
            <marc:subfield code="t">Centaurs --</marc:subfield>
            <marc:subfield code="t">The Griffin --</marc:subfield>
            <marc:subfield code="t">The Unicorn --</marc:subfield>
            <marc:subfield code="t">The Phoenix --</marc:subfield>
            <marc:subfield code="t">The Sphinx --</marc:subfield>
            <marc:subfield code="t">The Harpy --</marc:subfield>
            <marc:subfield code="t">Pegasus --</marc:subfield>
            <marc:subfield code="t">Minotaur --</marc:subfield>
            <marc:subfield code="t">Superstitions and Symbols --</marc:subfield>
            <marc:subfield code="t">The Zodiac --</marc:subfield>
            <marc:subfield code="t">Animal Superstitions --</marc:subfield>
            <marc:subfield code="t">Lawyers for Animals --</marc:subfield>
            <marc:subfield code="t">Human Attitudes Toward Animals and Advantages of Animal/Human
                Relationships --</marc:subfield>
            <marc:subfield code="t">Protection of Animals --</marc:subfield>
            <marc:subfield code="t">Historical Antecedents --</marc:subfield>
            <marc:subfield code="t">Animal Rights --</marc:subfield>
            <marc:subfield code="t">Factors Against Animal Rights: Legal View --</marc:subfield>
            <marc:subfield code="t">Federal Laws Protecting Animals --</marc:subfield>
            <marc:subfield code="t">The Animal Welfare Act --</marc:subfield>
            <marc:subfield code="t">Horse Protection Act --</marc:subfield>
            <marc:subfield code="t">Wild Horse and Burro Protection Act --</marc:subfield>
            <marc:subfield code="t">Eagle Protection Act --</marc:subfield>
            <marc:subfield code="t">Migratory Bird Treaty Act --</marc:subfield>
            <marc:subfield code="t">Humane Slaughter Act --</marc:subfield>
            <marc:subfield code="t">Endangered Species Act --</marc:subfield>
            <marc:subfield code="t">Marine Mammal Protection Act (MMPA) --</marc:subfield>
            <marc:subfield code="t">Birds Killed by Oil --</marc:subfield>
            <marc:subfield code="t">Cruelty to Animals --</marc:subfield>
            <marc:subfield code="t">Court Cases Involving Cruelty to Animals --</marc:subfield>
            <marc:subfield code="t">Sacrifice of Animals --</marc:subfield>
            <marc:subfield code="t">Alternatives to the Use of Animals for Research
                --</marc:subfield>
            <marc:subfield code="t">Contributions of Animals --</marc:subfield>
            <marc:subfield code="t">Animal Products --</marc:subfield>
            <marc:subfield code="t">Companion and Assistance Animals --</marc:subfield>
            <marc:subfield code="t">Animals for Therapy --</marc:subfield>
            <marc:subfield code="t">Assistance Dogs --</marc:subfield>
            <marc:subfield code="t">Dogs for the Blind --</marc:subfield>
            <marc:subfield code="t">Dogs for the Deaf --</marc:subfield>
            <marc:subfield code="t">Search and Rescue Dogs --</marc:subfield>
            <marc:subfield code="t">Animals in War --</marc:subfield>
            <marc:subfield code="t">Dogs --</marc:subfield>
            <marc:subfield code="t">Horse Racing --</marc:subfield>
            <marc:subfield code="t">Sled Dogs --</marc:subfield>
            <marc:subfield code="t">Dog Races --</marc:subfield>
            <marc:subfield code="t">Bullfighting --</marc:subfield>
            <marc:subfield code="t">Cockfighting --</marc:subfield>
            <marc:subfield code="t">Falconry --</marc:subfield>
            <marc:subfield code="t">Hunting --</marc:subfield>
            <marc:subfield code="t">Animal Disease Models.</marc:subfield>
        </marc:datafield>
        <marc:datafield tag="591" ind1=" " ind2=" ">
            <marc:subfield code="b">NAL Reclamation</marc:subfield>
        </marc:datafield>
        <marc:datafield tag="650" ind1=" " ind2="0">
            <marc:subfield code="a">Human-animal relationships.</marc:subfield>
            <marc:subfield code="0"
                >http://id.loc.gov/authorities/subjects/sh85062838</marc:subfield>
        </marc:datafield>
        <marc:datafield tag="650" ind1="1" ind2="2">
            <marc:subfield code="a">Human-Animal Bond.</marc:subfield>
        </marc:datafield>
        <marc:datafield tag="776" ind1="0" ind2="8">
            <marc:subfield code="i">Online version:</marc:subfield>
            <marc:subfield code="a">Soave, Orland A.</marc:subfield>
            <marc:subfield code="t">Animal/human bond.</marc:subfield>
            <marc:subfield code="b">2nd ed.</marc:subfield>
            <marc:subfield code="d">Lanham : Austin &amp; Winfield Publishers, ©2000</marc:subfield>
            <marc:subfield code="w">(OCoLC)669384921</marc:subfield>
        </marc:datafield>
        <marc:datafield tag="912" ind1=" " ind2=" ">
            <marc:subfield code="a">nalcatalog</marc:subfield>
        </marc:datafield>
        <marc:datafield tag="930" ind1=" " ind2=" ">
            <marc:subfield code="a">20001002</marc:subfield>
            <marc:subfield code="b">20001005</marc:subfield>
            <marc:subfield code="c">00000000</marc:subfield>
        </marc:datafield>
        <marc:datafield tag="938" ind1=" " ind2=" ">
            <marc:subfield code="a">Baker &amp; Taylor</marc:subfield>
            <marc:subfield code="b">BKTY</marc:subfield>
            <marc:subfield code="c">40.00</marc:subfield>
            <marc:subfield code="d">40.00</marc:subfield>
            <marc:subfield code="i">1572921536</marc:subfield>
            <marc:subfield code="n">0003541323</marc:subfield>
            <marc:subfield code="s">active</marc:subfield>
        </marc:datafield>
        <marc:datafield tag="938" ind1=" " ind2=" ">
            <marc:subfield code="a">Baker &amp; Taylor</marc:subfield>
            <marc:subfield code="b">BKTY</marc:subfield>
            <marc:subfield code="c">61.00</marc:subfield>
            <marc:subfield code="d">61.00</marc:subfield>
            <marc:subfield code="i">1572921544</marc:subfield>
            <marc:subfield code="n">0003541322</marc:subfield>
            <marc:subfield code="s">active</marc:subfield>
        </marc:datafield>
        <marc:datafield tag="938" ind1=" " ind2=" ">
            <marc:subfield code="a">Baker and Taylor</marc:subfield>
            <marc:subfield code="b">BTCP</marc:subfield>
            <marc:subfield code="n">00042010</marc:subfield>
        </marc:datafield>
        <marc:datafield tag="938" ind1=" " ind2=" ">
            <marc:subfield code="a">Ingram</marc:subfield>
            <marc:subfield code="b">INGR</marc:subfield>
            <marc:subfield code="n">9781572921542</marc:subfield>
        </marc:datafield>
        <marc:datafield tag="938" ind1=" " ind2=" ">
            <marc:subfield code="a">YBP Library Services</marc:subfield>
            <marc:subfield code="b">YANK</marc:subfield>
            <marc:subfield code="n">1689045</marc:subfield>
        </marc:datafield>
        <marc:datafield tag="945" ind1=" " ind2=" ">
            <marc:subfield code="a">Promptcat </marc:subfield>
        </marc:datafield>
        <marc:datafield tag="946" ind1=" " ind2=" ">
            <marc:subfield code="a">Other US</marc:subfield>
        </marc:datafield>
        <marc:datafield tag="994" ind1=" " ind2=" ">
            <marc:subfield code="a">92</marc:subfield>
            <marc:subfield code="b">AGL</marc:subfield>
        </marc:datafield>
    </marc:record>