
    <marc:record>
        <marc:leader>02540cam a2200433Ia 4500</marc:leader>
        <marc:controlfield tag="001">9915508652707426</marc:controlfield>
        <marc:controlfield tag="005">20221102134702.0</marc:controlfield>
        <marc:controlfield tag="008">000212s1999 paua b 001 0 eng d</marc:controlfield>
        <marc:datafield tag="016" ind1="7" ind2=" ">
            <marc:subfield code="a">CAT11062964</marc:subfield>
            <marc:subfield code="2">DNAL</marc:subfield>
        </marc:datafield>
        <marc:datafield tag="035" ind1=" " ind2=" ">
            <marc:subfield code="a">842604</marc:subfield>
        </marc:datafield>
        <marc:datafield tag="035" ind1=" " ind2=" ">
            <marc:subfield code="a">(OCoLC)42940089</marc:subfield>
        </marc:datafield>
        <marc:datafield tag="035" ind1=" " ind2=" ">
            <marc:subfield code="a">(DNAL)842604-naldb-Voyager</marc:subfield>
        </marc:datafield>
        <marc:datafield tag="040" ind1=" " ind2=" ">
            <marc:subfield code="a">OSU</marc:subfield>
            <marc:subfield code="b">eng</marc:subfield>
            <marc:subfield code="c">OSU</marc:subfield>
            <marc:subfield code="d">NCK</marc:subfield>
            <marc:subfield code="d">OCL</marc:subfield>
            <marc:subfield code="d">AGL</marc:subfield>
            <marc:subfield code="d">OCLCQ</marc:subfield>
            <marc:subfield code="d">GEBAY</marc:subfield>
            <marc:subfield code="d">OCLCQ</marc:subfield>
            <marc:subfield code="d">OCLCF</marc:subfield>
            <marc:subfield code="d">OCLCQ</marc:subfield>
            <marc:subfield code="d">OCLCO</marc:subfield>
            <marc:subfield code="d">DEBBG</marc:subfield>
        </marc:datafield>
        <marc:datafield tag="049" ind1=" " ind2=" ">
            <marc:subfield code="a">AGLL</marc:subfield>
        </marc:datafield>
        <marc:datafield tag="050" ind1=" " ind2="0">
            <marc:subfield code="a">SF601</marc:subfield>
            <marc:subfield code="b">.V58234</marc:subfield>
        </marc:datafield>
        <marc:datafield tag="070" ind1="0" ind2=" ">
            <marc:subfield code="a">SF951</marc:subfield>
            <marc:subfield code="b">.V47 v. 15 no. 3</marc:subfield>
        </marc:datafield>
        <marc:datafield tag="072" ind1=" " ind2=" ">
            <marc:subfield code="a">L800</marc:subfield>
        </marc:datafield>
        <marc:datafield tag="072" ind1=" " ind2=" ">
            <marc:subfield code="a">L830</marc:subfield>
        </marc:datafield>
        <marc:datafield tag="245" ind1="0" ind2="0">
            <marc:subfield code="a">Clinical pharmacology and therapeutics /</marc:subfield>
            <marc:subfield code="c">Ted Whittem, guest editor.</marc:subfield>
        </marc:datafield>
        <marc:datafield tag="260" ind1=" " ind2=" ">
            <marc:subfield code="a">Philadelphia :</marc:subfield>
            <marc:subfield code="b">W.B. Saunders Co.,</marc:subfield>
            <marc:subfield code="c">©1999.</marc:subfield>
        </marc:datafield>
        <marc:datafield tag="300" ind1=" " ind2=" ">
            <marc:subfield code="a">x, pages 523-782 :</marc:subfield>
            <marc:subfield code="b">illustrations ;</marc:subfield>
            <marc:subfield code="c">24 cm.</marc:subfield>
        </marc:datafield>
        <marc:datafield tag="336" ind1=" " ind2=" ">
            <marc:subfield code="a">text</marc:subfield>
            <marc:subfield code="b">txt</marc:subfield>
            <marc:subfield code="2">rdacontent</marc:subfield>
        </marc:datafield>
        <marc:datafield tag="337" ind1=" " ind2=" ">
            <marc:subfield code="a">unmediated</marc:subfield>
            <marc:subfield code="b">n</marc:subfield>
            <marc:subfield code="2">rdamedia</marc:subfield>
        </marc:datafield>
        <marc:datafield tag="338" ind1=" " ind2=" ">
            <marc:subfield code="a">volume</marc:subfield>
            <marc:subfield code="b">nc</marc:subfield>
            <marc:subfield code="2">rdacarrier</marc:subfield>
        </marc:datafield>
        <marc:datafield tag="490" ind1="1" ind2=" ">
            <marc:subfield code="a">The veterinary clinics of North America. Equine
                practice,</marc:subfield>
            <marc:subfield code="x">0749-0739 ;</marc:subfield>
            <marc:subfield code="v">v. 15, no. 3</marc:subfield>
        </marc:datafield>
        <marc:datafield tag="504" ind1=" " ind2=" ">
            <marc:subfield code="a">Includes bibliographical references and index.</marc:subfield>
        </marc:datafield>
        <marc:datafield tag="505" ind1="0" ind2="0">
            <marc:subfield code="t">Equine cardiac disease: clinical pharmacology and therapeutics
                /Tony D. Mogg --</marc:subfield>
            <marc:subfield code="t">Gastrointestinal pharmacology /David E. Freeman
                --</marc:subfield>
            <marc:subfield code="t">Treatment and control of gastrointestinal parasites /Douglas E.
                Hutchens, et als. --</marc:subfield>
            <marc:subfield code="t">Clinial pharmacology of nervous system diseases /Patricia M.
                Dowling --</marc:subfield>
            <marc:subfield code="t">Therapeutics of musculoskeletal disease in the horse /Cynthia
                Killias-Baker</marc:subfield>
            <marc:subfield code="t">Modes of local drug delivery to the musculoskeletal system of
                horses /Brian H. Anderson and Mark T. Ethell --</marc:subfield>
            <marc:subfield code="t">Equine infectious keratitis /Ralph E. Hamor and Nicholas C.
                Whelan --</marc:subfield>
            <marc:subfield code="t">Renal pharmacology /Eduard Jose-Cunilleras and Kenneth W.
                Hinchcliff --</marc:subfield>
            <marc:subfield code="t">Equine respiratory pharmacology / Jonathan H. Foreman
                --</marc:subfield>
            <marc:subfield code="t">Equine reproductive pharmacology /Nigel R. Perkins
                --</marc:subfield>
            <marc:subfield code="t">Analgesia /Jane Owens Clark and Terrence P. Clark
                --</marc:subfield>
            <marc:subfield code="t">Pharmacologic considerations in the treatment of neonatal
                septicemia and its complications /Maureen E.G. Wichtel, et als. --</marc:subfield>
            <marc:subfield code="t">Appendix --</marc:subfield>
            <marc:subfield code="t">Formulary of common equine drugs /Ted Whittem --</marc:subfield>
            <marc:subfield code="t">Cumulative index 1999.</marc:subfield>
        </marc:datafield>
        <marc:datafield tag="591" ind1=" " ind2=" ">
            <marc:subfield code="b">NAL Reclamation</marc:subfield>
        </marc:datafield>
        <marc:datafield tag="650" ind1=" " ind2="0">
            <marc:subfield code="a">Veterinary therapeutics.</marc:subfield>
            <marc:subfield code="0"
                >http://id.loc.gov/authorities/subjects/sh91004924</marc:subfield>
        </marc:datafield>
        <marc:datafield tag="650" ind1=" " ind2="0">
            <marc:subfield code="a">Horses</marc:subfield>
            <marc:subfield code="x">Diseases</marc:subfield>
            <marc:subfield code="x">Treatment.</marc:subfield>
        </marc:datafield>
        <marc:datafield tag="655" ind1=" " ind2="4">
            <marc:subfield code="a">Aufsatzsammlung.</marc:subfield>
        </marc:datafield>
        <marc:datafield tag="700" ind1="1" ind2=" ">
            <marc:subfield code="a">Whittem, Ted.</marc:subfield>
        </marc:datafield>
        <marc:datafield tag="700" ind1="1" ind2=" ">
            <marc:subfield code="a">Boothe, Dawn Merton.</marc:subfield>
        </marc:datafield>
        <marc:datafield tag="830" ind1=" " ind2="0">
            <marc:subfield code="a">Veterinary clinics of North America.</marc:subfield>
            <marc:subfield code="p">Equine practice ;</marc:subfield>
            <marc:subfield code="v">v. 15, no. 3.</marc:subfield>
            <marc:subfield code="x">0749-0739</marc:subfield>
        </marc:datafield>
        <marc:datafield tag="912" ind1=" " ind2=" ">
            <marc:subfield code="a">nalcatalog</marc:subfield>
        </marc:datafield>
        <marc:datafield tag="930" ind1=" " ind2=" ">
            <marc:subfield code="a">20000302</marc:subfield>
            <marc:subfield code="b">20000309</marc:subfield>
            <marc:subfield code="c">00000000</marc:subfield>
        </marc:datafield>
        <marc:datafield tag="945" ind1=" " ind2=" ">
            <marc:subfield code="d">sp</marc:subfield>
            <marc:subfield code="e">2000/02/11</marc:subfield>
            <marc:subfield code="f">sp</marc:subfield>
            <marc:subfield code="g">2000/02/11</marc:subfield>
            <marc:subfield code="n">1</marc:subfield>
        </marc:datafield>
        <marc:datafield tag="946" ind1=" " ind2=" ">
            <marc:subfield code="a">Other US</marc:subfield>
        </marc:datafield>
        <marc:datafield tag="994" ind1=" " ind2=" ">
            <marc:subfield code="a">92</marc:subfield>
            <marc:subfield code="b">AGL</marc:subfield>
        </marc:datafield>
    </marc:record>