
    <marc:record>
        <marc:leader>02565cam a2200457Ia 4500</marc:leader>
        <marc:controlfield tag="001">9915509781707426</marc:controlfield>
        <marc:controlfield tag="005">20221102145744.0</marc:controlfield>
        <marc:controlfield tag="008">021030s2002 paua b 001 0 eng d</marc:controlfield>
        <marc:datafield tag="016" ind1="7" ind2=" ">
            <marc:subfield code="a">CAT11125818</marc:subfield>
            <marc:subfield code="2">DNAL</marc:subfield>
        </marc:datafield>
        <marc:datafield tag="035" ind1=" " ind2=" ">
            <marc:subfield code="a">892678</marc:subfield>
        </marc:datafield>
        <marc:datafield tag="035" ind1=" " ind2=" ">
            <marc:subfield code="a">(OCoLC)50732006</marc:subfield>
        </marc:datafield>
        <marc:datafield tag="035" ind1=" " ind2=" ">
            <marc:subfield code="a">(DNAL)892678-naldb-Voyager</marc:subfield>
        </marc:datafield>
        <marc:datafield tag="040" ind1=" " ind2=" ">
            <marc:subfield code="a">IPL</marc:subfield>
            <marc:subfield code="b">eng</marc:subfield>
            <marc:subfield code="c">IPL</marc:subfield>
            <marc:subfield code="d">AGL</marc:subfield>
            <marc:subfield code="d">CS1</marc:subfield>
            <marc:subfield code="d">OCLCQ</marc:subfield>
            <marc:subfield code="d">OCLCF</marc:subfield>
            <marc:subfield code="d">OCLCO</marc:subfield>
            <marc:subfield code="d">OCLCQ</marc:subfield>
            <marc:subfield code="d">NHA</marc:subfield>
            <marc:subfield code="d">OCLCQ</marc:subfield>
        </marc:datafield>
        <marc:datafield tag="049" ind1=" " ind2=" ">
            <marc:subfield code="a">AGLL</marc:subfield>
        </marc:datafield>
        <marc:datafield tag="050" ind1=" " ind2="0">
            <marc:subfield code="a">SF951</marc:subfield>
            <marc:subfield code="b">.V43 v.18, no.2</marc:subfield>
        </marc:datafield>
        <marc:datafield tag="070" ind1="0" ind2=" ">
            <marc:subfield code="a">SF951</marc:subfield>
            <marc:subfield code="b">.V47 v. 18 no. 2</marc:subfield>
        </marc:datafield>
        <marc:datafield tag="072" ind1=" " ind2=" ">
            <marc:subfield code="a">L800</marc:subfield>
        </marc:datafield>
        <marc:datafield tag="245" ind1="0" ind2="0">
            <marc:subfield code="a">Endocrinology /</marc:subfield>
            <marc:subfield code="c">Nat T. Messer IV and Philip J. Johnson, guest
                editors.</marc:subfield>
        </marc:datafield>
        <marc:datafield tag="260" ind1=" " ind2=" ">
            <marc:subfield code="a">Philadelphia, Pa. :</marc:subfield>
            <marc:subfield code="b">W.B. Saunders,</marc:subfield>
            <marc:subfield code="c">©2002.</marc:subfield>
        </marc:datafield>
        <marc:datafield tag="300" ind1=" " ind2=" ">
            <marc:subfield code="a">xii, 205-390 pages :</marc:subfield>
            <marc:subfield code="b">illustrations ;</marc:subfield>
            <marc:subfield code="c">24 cm.</marc:subfield>
        </marc:datafield>
        <marc:datafield tag="336" ind1=" " ind2=" ">
            <marc:subfield code="a">text</marc:subfield>
            <marc:subfield code="b">txt</marc:subfield>
            <marc:subfield code="2">rdacontent</marc:subfield>
        </marc:datafield>
        <marc:datafield tag="337" ind1=" " ind2=" ">
            <marc:subfield code="a">unmediated</marc:subfield>
            <marc:subfield code="b">n</marc:subfield>
            <marc:subfield code="2">rdamedia</marc:subfield>
        </marc:datafield>
        <marc:datafield tag="338" ind1=" " ind2=" ">
            <marc:subfield code="a">volume</marc:subfield>
            <marc:subfield code="b">nc</marc:subfield>
            <marc:subfield code="2">rdacarrier</marc:subfield>
        </marc:datafield>
        <marc:datafield tag="490" ind1="1" ind2=" ">
            <marc:subfield code="a">The veterinary clinics of North America. Equine
                practice,</marc:subfield>
            <marc:subfield code="x">0749-0739 ;</marc:subfield>
            <marc:subfield code="v">v. 18, no. 2</marc:subfield>
        </marc:datafield>
        <marc:datafield tag="504" ind1=" " ind2=" ">
            <marc:subfield code="a">Includes bibliographical references and index.</marc:subfield>
        </marc:datafield>
        <marc:datafield tag="505" ind1="0" ind2="0">
            <marc:subfield code="t">Gastrointestinal neuroendocrinology /</marc:subfield>
            <marc:subfield code="r">David A. Schneider and Ayman I. Sayegh --</marc:subfield>
            <marc:subfield code="t">Glucocorticoids and laminitis in the horse /</marc:subfield>
            <marc:subfield code="r">Philip J. Johnson [and others] --</marc:subfield>
            <marc:subfield code="t">Pituitary pars intermedia dysfunction: Equine Cushing's disease
                /</marc:subfield>
            <marc:subfield code="r">Harold C. Schott II --</marc:subfield>
            <marc:subfield code="t">The equine metabolic syndrome: Peripheral Cushing's syndrome
                /</marc:subfield>
            <marc:subfield code="r">Philip J. Johnson --</marc:subfield>
            <marc:subfield code="t">Insulin and glucose regulation /</marc:subfield>
            <marc:subfield code="r">Sarah L. Ralston --</marc:subfield>
            <marc:subfield code="t">Equine thyroid dysfunction /</marc:subfield>
            <marc:subfield code="r">Nicholas Frank, Janice Sojka, and Nat T. Messer IV
                --</marc:subfield>
            <marc:subfield code="t">The endocrine system and the challenge of exercise
                /</marc:subfield>
            <marc:subfield code="r">Kenneth Harrington McKeever --</marc:subfield>
            <marc:subfield code="t">Equine anhidrosis /</marc:subfield>
            <marc:subfield code="r">Jeremy D. Hubert, Ralph E. Beadle, and Gary Norwood
                --</marc:subfield>
            <marc:subfield code="t">Endocrine alterations associated with ergopeptine alkaloid
                exposure during equine pregnancy /</marc:subfield>
            <marc:subfield code="r">Tim J. Evans.</marc:subfield>
        </marc:datafield>
        <marc:datafield tag="530" ind1=" " ind2=" ">
            <marc:subfield code="a">Also issued online.</marc:subfield>
        </marc:datafield>
        <marc:datafield tag="591" ind1=" " ind2=" ">
            <marc:subfield code="b">NAL Reclamation</marc:subfield>
        </marc:datafield>
        <marc:datafield tag="650" ind1=" " ind2="0">
            <marc:subfield code="a">Endocrinology.</marc:subfield>
            <marc:subfield code="0"
                >http://id.loc.gov/authorities/subjects/sh85043068</marc:subfield>
        </marc:datafield>
        <marc:datafield tag="650" ind1=" " ind2="0">
            <marc:subfield code="a">Horses</marc:subfield>
            <marc:subfield code="x">Diseases.</marc:subfield>
            <marc:subfield code="0"
                >http://id.loc.gov/authorities/subjects/sh85062163</marc:subfield>
        </marc:datafield>
        <marc:datafield tag="655" ind1=" " ind2="4">
            <marc:subfield code="a">Electronic journals</marc:subfield>
            <marc:subfield code="x">Sciences.</marc:subfield>
        </marc:datafield>
        <marc:datafield tag="655" ind1=" " ind2="4">
            <marc:subfield code="a">Electronic journals</marc:subfield>
            <marc:subfield code="x">Medicine.</marc:subfield>
        </marc:datafield>
        <marc:datafield tag="655" ind1=" " ind2="4">
            <marc:subfield code="a">Electronic journals</marc:subfield>
            <marc:subfield code="x">Nursing.</marc:subfield>
        </marc:datafield>
        <marc:datafield tag="700" ind1="1" ind2=" ">
            <marc:subfield code="a">Messer, Nat T.,</marc:subfield>
            <marc:subfield code="e">editor.</marc:subfield>
            <marc:subfield code="0">http://id.loc.gov/authorities/names/no2004052189</marc:subfield>
        </marc:datafield>
        <marc:datafield tag="700" ind1="1" ind2=" ">
            <marc:subfield code="a">Johnson, Philip J.</marc:subfield>
            <marc:subfield code="q">(Philip James),</marc:subfield>
            <marc:subfield code="e">editor.</marc:subfield>
            <marc:subfield code="0">http://id.loc.gov/authorities/names/no2014013844</marc:subfield>
        </marc:datafield>
        <marc:datafield tag="830" ind1=" " ind2="0">
            <marc:subfield code="a">Veterinary clinics of North America.</marc:subfield>
            <marc:subfield code="p">Equine practice ;</marc:subfield>
            <marc:subfield code="v">v. 18, no. 2.</marc:subfield>
        </marc:datafield>
        <marc:datafield tag="912" ind1=" " ind2=" ">
            <marc:subfield code="a">nalcatalog</marc:subfield>
        </marc:datafield>
        <marc:datafield tag="930" ind1=" " ind2=" ">
            <marc:subfield code="a">20021104</marc:subfield>
            <marc:subfield code="b">20021107</marc:subfield>
            <marc:subfield code="c">00000000</marc:subfield>
        </marc:datafield>
        <marc:datafield tag="945" ind1=" " ind2=" ">
            <marc:subfield code="d">AR</marc:subfield>
            <marc:subfield code="e">2002/10/30</marc:subfield>
            <marc:subfield code="f">AR</marc:subfield>
            <marc:subfield code="g">2002/10/30</marc:subfield>
            <marc:subfield code="n">1</marc:subfield>
        </marc:datafield>
        <marc:datafield tag="946" ind1=" " ind2=" ">
            <marc:subfield code="a">Other US</marc:subfield>
        </marc:datafield>
        <marc:datafield tag="994" ind1=" " ind2=" ">
            <marc:subfield code="a">92</marc:subfield>
            <marc:subfield code="b">AGL</marc:subfield>
        </marc:datafield>
    </marc:record>