
    <marc:record>
        <marc:leader>12442cam a2200673 a 4500</marc:leader>
        <marc:controlfield tag="001">9915512871007426</marc:controlfield>
        <marc:controlfield tag="005">20221102170550.0</marc:controlfield>
        <marc:controlfield tag="008">080916s2008 iau bf 001 0 eng </marc:controlfield>
        <marc:datafield tag="010" ind1=" " ind2=" ">
            <marc:subfield code="a"> 2008024700</marc:subfield>
        </marc:datafield>
        <marc:datafield tag="016" ind1="7" ind2=" ">
            <marc:subfield code="a">CAT31018396</marc:subfield>
            <marc:subfield code="2">DNAL</marc:subfield>
        </marc:datafield>
        <marc:datafield tag="016" ind1="7" ind2=" ">
            <marc:subfield code="a">101475749</marc:subfield>
            <marc:subfield code="2">DNLM</marc:subfield>
        </marc:datafield>
        <marc:datafield tag="020" ind1=" " ind2=" ">
            <marc:subfield code="a">9780813814872</marc:subfield>
            <marc:subfield code="q">(alk. paper)</marc:subfield>
        </marc:datafield>
        <marc:datafield tag="020" ind1=" " ind2=" ">
            <marc:subfield code="a">0813814871</marc:subfield>
            <marc:subfield code="q">(alk. paper)</marc:subfield>
        </marc:datafield>
        <marc:datafield tag="035" ind1=" " ind2=" ">
            <marc:subfield code="a">1018396</marc:subfield>
        </marc:datafield>
        <marc:datafield tag="035" ind1=" " ind2=" ">
            <marc:subfield code="a">(OCoLC)231787172</marc:subfield>
        </marc:datafield>
        <marc:datafield tag="035" ind1=" " ind2=" ">
            <marc:subfield code="a">(DNAL)1018396-naldb-Voyager</marc:subfield>
        </marc:datafield>
        <marc:datafield tag="040" ind1=" " ind2=" ">
            <marc:subfield code="a">DNLM/DLC</marc:subfield>
            <marc:subfield code="b">eng</marc:subfield>
            <marc:subfield code="c">DLC</marc:subfield>
            <marc:subfield code="d">NLM</marc:subfield>
            <marc:subfield code="d">BTCTA</marc:subfield>
            <marc:subfield code="d">BAKER</marc:subfield>
            <marc:subfield code="d">YDXCP</marc:subfield>
            <marc:subfield code="d">C#P</marc:subfield>
            <marc:subfield code="d">BWX</marc:subfield>
            <marc:subfield code="d">CDX</marc:subfield>
            <marc:subfield code="d">HEBIS</marc:subfield>
            <marc:subfield code="d">OCLCQ</marc:subfield>
            <marc:subfield code="d">OCLCF</marc:subfield>
            <marc:subfield code="d">OCLCQ</marc:subfield>
            <marc:subfield code="d">OCLCO</marc:subfield>
            <marc:subfield code="d">OCL</marc:subfield>
            <marc:subfield code="d">OCLCQ</marc:subfield>
            <marc:subfield code="d">OVY</marc:subfield>
            <marc:subfield code="d">OCLCQ</marc:subfield>
            <marc:subfield code="d">GILDS</marc:subfield>
            <marc:subfield code="d">OCLCO</marc:subfield>
            <marc:subfield code="d">UKOBU</marc:subfield>
            <marc:subfield code="d">AU@</marc:subfield>
            <marc:subfield code="d">E@W</marc:subfield>
            <marc:subfield code="d">OCLCO</marc:subfield>
            <marc:subfield code="d">LVT</marc:subfield>
            <marc:subfield code="d">OCLCA</marc:subfield>
            <marc:subfield code="d">OCLCQ</marc:subfield>
            <marc:subfield code="d">OCLCO</marc:subfield>
            <marc:subfield code="d">OCLCA</marc:subfield>
            <marc:subfield code="d">ORE</marc:subfield>
            <marc:subfield code="d">OCLCO</marc:subfield>
            <marc:subfield code="d">AGL</marc:subfield>
        </marc:datafield>
        <marc:datafield tag="042" ind1=" " ind2=" ">
            <marc:subfield code="a">pcc</marc:subfield>
        </marc:datafield>
        <marc:datafield tag="049" ind1=" " ind2=" ">
            <marc:subfield code="a">AGLL</marc:subfield>
        </marc:datafield>
        <marc:datafield tag="050" ind1="0" ind2="0">
            <marc:subfield code="a">SF951</marc:subfield>
            <marc:subfield code="b">.B867 2008</marc:subfield>
        </marc:datafield>
        <marc:datafield tag="070" ind1="0" ind2=" ">
            <marc:subfield code="a">SF951</marc:subfield>
            <marc:subfield code="b">.B867 2008</marc:subfield>
        </marc:datafield>
        <marc:datafield tag="245" ind1="0" ind2="0">
            <marc:subfield code="a">Blackwell's five-minute veterinary consult.</marc:subfield>
            <marc:subfield code="p">Equine /</marc:subfield>
            <marc:subfield code="c">[edited by] Jean-Pierre Lavoie, Kenneth William
                Hinchcliff.</marc:subfield>
        </marc:datafield>
        <marc:datafield tag="246" ind1="3" ind2="0">
            <marc:subfield code="a">Five-minute veterinary consult.</marc:subfield>
            <marc:subfield code="p">Equine</marc:subfield>
        </marc:datafield>
        <marc:datafield tag="250" ind1=" " ind2=" ">
            <marc:subfield code="a">2nd ed.</marc:subfield>
        </marc:datafield>
        <marc:datafield tag="260" ind1=" " ind2=" ">
            <marc:subfield code="a">Ames, Iowa :</marc:subfield>
            <marc:subfield code="b">Wiley-Blackwell,</marc:subfield>
            <marc:subfield code="c">2008.</marc:subfield>
        </marc:datafield>
        <marc:datafield tag="300" ind1=" " ind2=" ">
            <marc:subfield code="a">xxxvii, 874 pages ;</marc:subfield>
            <marc:subfield code="c">29 cm</marc:subfield>
        </marc:datafield>
        <marc:datafield tag="336" ind1=" " ind2=" ">
            <marc:subfield code="a">text</marc:subfield>
            <marc:subfield code="b">txt</marc:subfield>
            <marc:subfield code="2">rdacontent</marc:subfield>
        </marc:datafield>
        <marc:datafield tag="337" ind1=" " ind2=" ">
            <marc:subfield code="a">unmediated</marc:subfield>
            <marc:subfield code="b">n</marc:subfield>
            <marc:subfield code="2">rdamedia</marc:subfield>
        </marc:datafield>
        <marc:datafield tag="338" ind1=" " ind2=" ">
            <marc:subfield code="a">volume</marc:subfield>
            <marc:subfield code="b">nc</marc:subfield>
            <marc:subfield code="2">rdacarrier</marc:subfield>
        </marc:datafield>
        <marc:datafield tag="490" ind1="1" ind2=" ">
            <marc:subfield code="a">Five minute veterinary consult</marc:subfield>
        </marc:datafield>
        <marc:datafield tag="504" ind1=" " ind2=" ">
            <marc:subfield code="a">Includes bibliographical references and index.</marc:subfield>
        </marc:datafield>
        <marc:datafield tag="505" ind1="0" ind2="0">
            <marc:subfield code="t">Machine derived contents note: $a$Contents -- Abdominal
                Distention in the Adult Horse -- Abdominal Hernia in Adult Horses --
                Abdominocentesis -- Abnormal Estrus Intervals -- Abnormal Scrotal Enlargement --
                Abnormal Testicular Size -- Abortion, Spontaneous, Infectious -- Abortion,
                Spontaneous, Noninfectious -- Acer rubrum (Red Maple) Toxicosis -- Acidosis,
                Metabolic -- Acidosis, Respiratory -- Actinobacillosis -- Acute Abdominal
                Pain$en$Acute Colic in Adults -- Acute Epiglottiditis -- Acute Hepatitis in Adult
                Horses (Theiler's Disease) -- Acute Renal Failure (ARF) -- Acute Respiratory
                Distress Syndrome (ARDS) in Foals -- Adenovirus -- Adrenal Insufficiency --
                Aflatoxicosis -- African Horse Sickness -- Agalactia/Hypogalactia -- Aggression --
                Alkaline Phosphatase (ALP) -- Alkalosis, Metabolic -- Alkalosis, Respiratory --
                Alopecia -- Amitraz Toxicosis -- Ammonia, Hyperammonemia -- Amylase and Lipase --
                Anaerobic Bacterial Infections -- Anaphylaxis -- Anemia -- Anemia, Heinz Body --
                Anemia, Immune Mediated -- Anemia, Iron Deficiency -- Anemia, Pure Red Cell Aplasia
                -- Anestrus -- Angular Limb Deformity -- Anhidrosis -- Anorexia and Decreased Food
                Intake -- Anthrax -- Anticoagulant Rodenticide Toxicosis -- Anuria/Oliguria --
                Aortic Regurgitation -- Aortic Root Rupture -- Arsenic Toxicosis -- Artificial
                Insemination -- Arytenoid Chrondopathy -- Ascarid Infestation -- Aspartate
                Aminotransferase (AST) -- Aspiration Pneumonia -- Atheroma of the False Nostril --
                Atopic Dermatitis -- Atrial Fibrillation -- Atrial Septal Defect (ASD) -- Aural
                Plaques -- Azotemia and Uremia -- Babesiosis -- Back Pain -- Bacteremia/Septicemia
                -- Bacterial Dermatitis$en$Methicillin-Resistant Staphylococci -- Bacterial
                Dermatitis$en$Superficial -- Bacterial Meningitis, Neonate --
                Basisphenoid/Basioccipital Bone Fracture -- Bile Acids -- Bilirubin, High --
                Blindness Associated With Trauma -- Blood Culture -- Blood Transfusion Reactions --
                Blue-Green Algae -- Bordetella bronchiseptica -- Borna Disease -- Botulism, Adult --
                Botulism, Neonate -- Bradyarrhythmias -- Broad Ligament Hematoma -- Brucellosis --
                Bruxism -- Burdock Pappus Bristle Keratopathy -- Calcific Band Keratopathy --
                Calcium, Hypercalcemia -- Calcium, Hypocalcemia -- Cantharidin Toxicosis --
                Cardiotoxic Plants -- Castration, Henderson Castration Instrument -- Castration,
                Routine -- Centaurea spp.</marc:subfield>
        </marc:datafield>
        <marc:datafield tag="505" ind1="0" ind2="0">
            <marc:subfield code="t">Toxicosis -- Cerebellar Abiotrophy -- Cervical Lesions --
                Cervical Vertebral Malformation -- Cestrum Diurnum (Day-Blooming Jessamine)
                Toxicosis -- Chloride, Hyperchloremia -- Chloride, Hypochloremia -- Cholelithiasis
                -- Chorioretinitis -- Chronic Progressive Lymphedema -- Chronic Renal Failure (CRF)
                -- Chronic Weight Loss -- Cleft Palate -- Clitoral Enlargement -- Clostridial
                Myositis -- Clostridium difficile Enterocolitis -- Coagulation Defects, Acquired --
                Coagulation Defects, Inherited -- Coccidiomycosis -- Coccidiosis -- Colic$en$
                Chronic/Recurrent -- Colic in Foals -- Conception Failure -- Congenital Cardiac
                Abnormalities -- Conium maculatum (Poison Hemlock) Toxicosis -- Conjunctival
                Diseases -- Contagious Equine Metritis (CEM) -- Corneal Stromal Abscesses -- Corneal
                Ulceration -- Corneal/Scleral Lacerations -- Corynebacterium pseudotuberculosis --
                Cough -- Creatinine Kinase (CK) -- Cryptorchidism -- Cushing¿s Disease -- Cyanide
                Toxicosis -- Cytology of Bronchoalveolar Lavage (BAL) Fluid -- Cytology of Tracheal
                Aspiration (TA) Fluid -- Dacryocystitis -- Degenerative Myeloencephalophathy --
                Delayed Uterine Involution -- Dermatomycoses, Subcutaneous -- Dermatomycoses,
                Superficial -- Dermatophilosis -- Diaphragmatic Hernia -- Diarrhea, Neonatal --
                Dicoumarol (Moldy Sweet Clover) Toxicvosis -- Diseases of the Nictitans -- Disorders
                of Sexual Development -- Disorders of the Thyroid: Hypothyroidism- and
                Hyperthyroidism -- Disseminated Intravascular Coagulation (DIC) -- Distal and
                Proximal Interphalangeal Joint Disease -- Distal Tarsitis -- Dorsal Displacement of
                the Soft Palate (DDSP) -- Dorsal Metacarpal Bone Disease -- Dourine --
                Duodenitis-Proximal Jejunitis (Anterior Enteritis, Proximal Enteritis) -- Dynamic
                Collapse of the Upper Airway -- Dystocia -- Early Embryonic Death (EED) -- Eastern
                (EEE), Western (WEE), and Venezuelan (VEE) Encephalitides -- Eclampsia --
                Ectoparasites -- Ehrlichiosis, Equine Granulocytic -- Embryo Transfer (ET) --
                Endometrial Biopsy -- Endometritis -- Endotoxemia -- Enterolithiasis -- Eosinophilia
                and Basophilia -- Eosinophilic Keratitis -- Epiglottic Entrapment -- Equine
                Metabolic Syndrome (EMS)/Insulin Resistance (IR) -- Esophageal Obstruction (Choke)
                -- Excessive Maternal Behavior/Foal Stealing -- Exercise-Associated Arrhythmias --
                Exercise-Induced Pulmonary Hemorrhage (EIPH) -- Exertional Rhabdomyolysis Syndrome
                -- Expiratory Dyspnea -- Exudative Optic Neuritis -- Eyelid Diseases -- Failure of
                Transfer of Passive Immunity (FTPI) -- Fears and Phobias -- Fell Pony Syndrome --
                Fescue Toxicosis -- Fetal Stress/Distress/Viability -- Fever -- Flexural Limb
                Deformity -- Fluid Therapy, Neonate -- Fumonisins -- Fungal Pneumonia -- Fusaria --
                Gamma-Glutamyltransferase (GGT) -- Gastric Dilation/Distention -- Gastric Neoplasia
                -- Gastric Ulcers and Erosions -- Gastric Ulcers, Neonate -- Getah Virus Infection
                -- Glanders -- Glaucoma -- Glucose -- Glucose Tolerance Test -- Glycogen Branching
                Enzyme Deficiency (GBED) -- Goiter -- Granulocytic Anaplasmosis (see Ehrlichiosis,
                Equine Granulocytic) -- Granulomatous Enteritis -- Grass Sickness -- Guttural Pouch
                Empyema -- Guttural Pouch Mycosis -- Guttural Pouch Tympany -- Head Trauma -- Heaves
                -- Hemangiosarcoma -- Hemorrhage, Acute -- Hemorrhage, Chronic -- Hemorrhagic Nasal
                Discharge -- Hemospermia -- Hendra Virus -- Hepatic Abscess and Septic
                Cholangiohepatitis -- Hepatic Encephalopathy -- Hereditary Equine Regional Dermal
                Asthenia -- Hernias (Umbilical and Inguinal) -- Herpes Virus Myeloencephalopathy --
                Herpesvirus- 3 -- Herpesvirus Types 1 and 4 -- High-Risk Pregnancy, Neonate --
                High-Risk Pregnancy -- Hydrocephalus -- Hydrops$en$Allantois/Amnion -- Hyperkalemic
                Periodic Paralysis -- Hyperlipidemia/Hyperlipemia -- Hyperthermia -- Hypoxemia --
                Icterus (Prehepatic, Hepatic, and Posthepatic) -- Idiopathic Colitis -- Idiopathic
                Systemic Granulomatous Disease (Sarcoidosis) -- Ileal Hypertrophy -- Ileus --
                Immune-Mediated Keratitis -- Immunoglobulin Deficiencies -- Impaction -- Infectious
                Anemia (EIA) -- Infectious Arthritis (Nonhematogenous) -- Infective Endocarditis --
                Inflammatory Airway Disease (IAD) -- Influenza -- Insect Hypersensitivity --
                Inspiratory Dyspnea -- Insulin Levels/Insulin Tolerance Test -- Internal Abdominal
                Abscesses -- Intestinal Absorption Tests -- Intra-Abdominal Hemorrhage in Horses --
                Intracarotid Injection -- Ionophore Toxicosis -- Iris Prolapse in the Horse -- Iron
                Toxicosis -- Ischemic Optic Neuropathy -- Isocoma wrightii (Rayless Goldenrod)
                Toxicosis -- Juglans nigra (Black Walnut) Toxicosis -- Junctional Epidermolysis
                Bullosa (JEB) -- Laminitis -- Lantana camara (Lantana) Toxicosis -- Large Colon
                Torsion -- Large Ovary Syndrome -- Large Strongyle Infestation -- Larval
                Cyathostominois (see Small Strongyle Infestation) -- Laryngeal Hemiplegia --
                Lavender Foal Syndrome -- Lawsonnia intracellularis Infections in Foals -- Lead (Pb)
                Toxicosis -- Lens Opacities/Cataracts -- Leptospirosis -- Lethal White (Intestinal
                Aganglionosis) -- Leukocytoclastic Pastern Vasculitis -- Leukoencephalomalacia --
                Linear Keratosis and Linear Alopecia -- Locomotor Stereotypic Behaviors -- Lungworm
                Infection -- Lyme Disease -- Lymphadenopathy -- Lymphocytic-Plasmacytic
                Enterocolitis -- Lymphocytosis -- Lymphoid Hyperplasia (Pharyngitis) -- Lymphopenia
                -- Lymphosarcoma -- Magnesium Disorders -- Malabsorption -- Malicious Intoxication
                -- Mast Cell Tumor -- Mastitis -- Maternal Foal Rejection -- Meconium Retention --
                Melanoma -- Melena and Hematochezia -- Mercury Toxicosis -- Metacarpo-
                (Metatarso-)Phalangeal Joint Disease -- Metaldehyde Toxicosis -- Methemoglobinemia
                -- Methylxanthine Toxicosis -- Mitral Regurgitation -- Monocytosis -- Motor Neuron
                Disease -- Multiple Endocrine Neoplasia -- Multiple Myeloma -- Multisystemic
                Eosinophilic Epitheliotropic Disease -- Myeloproliferative Diseases -- Myocardial
                Disease -- Narcolepsy and Cataplexy -- Navicular Syndrome -- Neonatal
                Isoerythrolysis -- Nerium oleander (Oleander) Toxicosis -- Neutropenia --
                Neutrophilia -- Nitrate/Nitrite Toxicosis -- Nonulcerative Keratouveitis --
                Nutrition in Foals -- Nutritional Secondary Hyperparathyroidism (NHP) -- Ocular
                Examination -- Ocular Problems in the Neonate -- Ocular/Adnexal Squamous Cell
                Carcinoma -- Omphalophlebitis -- Optic Nerve Atrophy -- Oral Neoplasia -- Oral
                Sterotypic Behaviors -- Oral Ulcers -- Orbital Disease -- Organophosphate and
                Carbamate Toxicosis -- Osmolality, Hyperosmolality -- Osteoarthritis, General --
                Osteochondrosis -- Ovulation Failure -- Pancreatic Disease -- Pancytopenia --
                Panicum coloratum (Kleingrass) Toxicosis -- Papillomatosis -- Paraphimosis --
                Pastern Dermatitis -- Patent Ductus Arteriosus -- Patent Urachus -- Pemphigus
                Foliaceus -- Penetrating Injuries to the Foot -- Penile Lacerations -- Penile
                Paralysis -- Penile Vesicles, Erosions, and Tumors -- Pentachlorophenol (PCP)
                Toxicosis -- Pericarditis -- Perinatal Asphyxia Syndrome -- Perineal
                Lacerations/Recto-Vaginal-Vestibular Fistulas -- Periocular Sarcoid -- Periodontal
                Disease -- Peritonitis -- Petechia, Ecchymoses, and Hematomas -- Pheochromocytoma --
                Phimosis</marc:subfield>
        </marc:datafield>
        <marc:datafield tag="520" ind1="8" ind2=" ">
            <marc:subfield code="a">This volume brings together easy, efficient access to reliable
                information for the busy equine practitioner. This is a concise, comprehensive
                resource for diagnosing and treating horses.</marc:subfield>
        </marc:datafield>
        <marc:datafield tag="580" ind1=" " ind2=" ">
            <marc:subfield code="a">Revised edition of: 5-minute veterinary consult. Equine /
                Christopher M. Brown. c2002.</marc:subfield>
        </marc:datafield>
        <marc:datafield tag="591" ind1=" " ind2=" ">
            <marc:subfield code="b">NAL Reclamation</marc:subfield>
        </marc:datafield>
        <marc:datafield tag="650" ind1=" " ind2="0">
            <marc:subfield code="a">Horses</marc:subfield>
            <marc:subfield code="x">Diseases</marc:subfield>
            <marc:subfield code="v">Handbooks, manuals, etc.</marc:subfield>
        </marc:datafield>
        <marc:datafield tag="650" ind1="1" ind2="2">
            <marc:subfield code="a">Horse Diseases.</marc:subfield>
        </marc:datafield>
        <marc:datafield tag="650" ind1="2" ind2="2">
            <marc:subfield code="a">Veterinary Medicine</marc:subfield>
            <marc:subfield code="x">methods.</marc:subfield>
        </marc:datafield>
        <marc:datafield tag="655" ind1=" " ind2="2">
            <marc:subfield code="a">Handbook.</marc:subfield>
        </marc:datafield>
        <marc:datafield tag="655" ind1=" " ind2="7">
            <marc:subfield code="a">Handbooks and manuals.</marc:subfield>
            <marc:subfield code="2">fast</marc:subfield>
            <marc:subfield code="0">(OCoLC)fst01423877</marc:subfield>
        </marc:datafield>
        <marc:datafield tag="655" ind1=" " ind2="7">
            <marc:subfield code="a">Handbooks and manuals.</marc:subfield>
            <marc:subfield code="2">lcgft</marc:subfield>
            <marc:subfield code="0"
                >http://id.loc.gov/authorities/genreForms/gf2014026109</marc:subfield>
        </marc:datafield>
        <marc:datafield tag="700" ind1="1" ind2=" ">
            <marc:subfield code="a">Lavoie, Jean-Pierre,</marc:subfield>
            <marc:subfield code="d">1957-</marc:subfield>
            <marc:subfield code="0">http://id.loc.gov/authorities/names/n2008182583</marc:subfield>
        </marc:datafield>
        <marc:datafield tag="700" ind1="1" ind2=" ">
            <marc:subfield code="a">Hinchcliff, Kenneth W.</marc:subfield>
            <marc:subfield code="q">(Kenneth William),</marc:subfield>
            <marc:subfield code="d">1956-</marc:subfield>
            <marc:subfield code="0">http://id.loc.gov/authorities/names/no2002116813</marc:subfield>
        </marc:datafield>
        <marc:datafield tag="700" ind1="1" ind2=" ">
            <marc:subfield code="a">Brown, Christopher M.</marc:subfield>
            <marc:subfield code="q">(Christopher Miles).</marc:subfield>
            <marc:subfield code="t">5-minute veterinary consult.</marc:subfield>
        </marc:datafield>
        <marc:datafield tag="830" ind1=" " ind2="0">
            <marc:subfield code="a">Five minute veterinary consult</marc:subfield>
        </marc:datafield>
        <marc:datafield tag="912" ind1=" " ind2=" ">
            <marc:subfield code="a">nalcatalog</marc:subfield>
        </marc:datafield>
        <marc:datafield tag="930" ind1=" " ind2=" ">
            <marc:subfield code="a">20120514</marc:subfield>
            <marc:subfield code="b">20120604</marc:subfield>
            <marc:subfield code="c">00000000</marc:subfield>
        </marc:datafield>
        <marc:datafield tag="938" ind1=" " ind2=" ">
            <marc:subfield code="a">Baker &amp; Taylor</marc:subfield>
            <marc:subfield code="b">BKTY</marc:subfield>
            <marc:subfield code="c">149.99</marc:subfield>
            <marc:subfield code="d">149.99</marc:subfield>
            <marc:subfield code="i">0813814871</marc:subfield>
            <marc:subfield code="n">0007876938</marc:subfield>
            <marc:subfield code="s">active</marc:subfield>
        </marc:datafield>
        <marc:datafield tag="938" ind1=" " ind2=" ">
            <marc:subfield code="a">Baker and Taylor</marc:subfield>
            <marc:subfield code="b">BTCP</marc:subfield>
            <marc:subfield code="n">BK0007876938</marc:subfield>
        </marc:datafield>
        <marc:datafield tag="938" ind1=" " ind2=" ">
            <marc:subfield code="a">Coutts Information Services</marc:subfield>
            <marc:subfield code="b">COUT</marc:subfield>
            <marc:subfield code="n">8449033</marc:subfield>
            <marc:subfield code="c">149.99 USD</marc:subfield>
        </marc:datafield>
        <marc:datafield tag="938" ind1=" " ind2=" ">
            <marc:subfield code="a">YBP Library Services</marc:subfield>
            <marc:subfield code="b">YANK</marc:subfield>
            <marc:subfield code="n">2888560</marc:subfield>
        </marc:datafield>
        <marc:datafield tag="938" ind1=" " ind2=" ">
            <marc:subfield code="a">Blackwell Book Service</marc:subfield>
            <marc:subfield code="b">BBUS</marc:subfield>
            <marc:subfield code="n">R2764959</marc:subfield>
            <marc:subfield code="c">$149.99</marc:subfield>
        </marc:datafield>
        <marc:datafield tag="939" ind1=" " ind2=" ">
            <marc:subfield code="a">20090211</marc:subfield>
            <marc:subfield code="b">20090301</marc:subfield>
            <marc:subfield code="c">00000000</marc:subfield>
        </marc:datafield>
        <marc:datafield tag="945" ind1=" " ind2=" ">
            <marc:subfield code="a">Promptcat</marc:subfield>
            <marc:subfield code="e">2009/02/09</marc:subfield>
        </marc:datafield>
        <marc:datafield tag="946" ind1=" " ind2=" ">
            <marc:subfield code="a">Other US</marc:subfield>
        </marc:datafield>
        <marc:datafield tag="958" ind1=" " ind2=" ">
            <marc:subfield code="b">r</marc:subfield>
            <marc:subfield code="c">2009/02/11</marc:subfield>
            <marc:subfield code="d">c</marc:subfield>
            <marc:subfield code="e">aallen</marc:subfield>
        </marc:datafield>
        <marc:datafield tag="959" ind1=" " ind2=" ">
            <marc:subfield code="c">2012/05/14</marc:subfield>
            <marc:subfield code="e">ssouder</marc:subfield>
            <marc:subfield code="g">other</marc:subfield>
        </marc:datafield>
        <marc:datafield tag="994" ind1=" " ind2=" ">
            <marc:subfield code="a">92</marc:subfield>
            <marc:subfield code="b">AGL</marc:subfield>
        </marc:datafield>
    </marc:record>