
    <marc:record>
        <marc:leader>16830cam a22007214a 4500</marc:leader>
        <marc:controlfield tag="001">9915515270807426</marc:controlfield>
        <marc:controlfield tag="005">20221102190650.0</marc:controlfield>
        <marc:controlfield tag="008">020711s2001 miua 100 0 eng </marc:controlfield>
        <marc:datafield tag="010" ind1=" " ind2=" ">
            <marc:subfield code="a"> 2001090005</marc:subfield>
        </marc:datafield>
        <marc:datafield tag="016" ind1="7" ind2=" ">
            <marc:subfield code="a">CAT11120589</marc:subfield>
            <marc:subfield code="2">DNAL</marc:subfield>
        </marc:datafield>
        <marc:datafield tag="020" ind1=" " ind2=" ">
            <marc:subfield code="a">1892769212</marc:subfield>
            <marc:subfield code="q">(pbk.)</marc:subfield>
        </marc:datafield>
        <marc:datafield tag="020" ind1=" " ind2=" ">
            <marc:subfield code="a">9781892769213</marc:subfield>
            <marc:subfield code="q">(pbk.)</marc:subfield>
        </marc:datafield>
        <marc:datafield tag="035" ind1=" " ind2=" ">
            <marc:subfield code="a">887568</marc:subfield>
        </marc:datafield>
        <marc:datafield tag="035" ind1=" " ind2=" ">
            <marc:subfield code="a">(OCoLC)48455834</marc:subfield>
        </marc:datafield>
        <marc:datafield tag="035" ind1=" " ind2=" ">
            <marc:subfield code="a">(DNAL)887568-naldb-Voyager</marc:subfield>
        </marc:datafield>
        <marc:datafield tag="040" ind1=" " ind2=" ">
            <marc:subfield code="a">DLC</marc:subfield>
            <marc:subfield code="b">eng</marc:subfield>
            <marc:subfield code="c">DLC</marc:subfield>
            <marc:subfield code="d">AGL</marc:subfield>
            <marc:subfield code="d">OCLCQ</marc:subfield>
            <marc:subfield code="d">BTCTA</marc:subfield>
            <marc:subfield code="d">LVB</marc:subfield>
            <marc:subfield code="d">YDXCP</marc:subfield>
            <marc:subfield code="d">OCLCG</marc:subfield>
            <marc:subfield code="d">DEBBG</marc:subfield>
            <marc:subfield code="d">OCLCF</marc:subfield>
            <marc:subfield code="d">OCLCQ</marc:subfield>
            <marc:subfield code="d">OCLCO</marc:subfield>
            <marc:subfield code="d">OCL</marc:subfield>
            <marc:subfield code="d">OCLCO</marc:subfield>
            <marc:subfield code="d">IPL</marc:subfield>
            <marc:subfield code="d">OCLCQ</marc:subfield>
        </marc:datafield>
        <marc:datafield tag="042" ind1=" " ind2=" ">
            <marc:subfield code="a">pcc</marc:subfield>
        </marc:datafield>
        <marc:datafield tag="049" ind1=" " ind2=" ">
            <marc:subfield code="a">AGLL</marc:subfield>
        </marc:datafield>
        <marc:datafield tag="050" ind1="0" ind2="0">
            <marc:subfield code="a">SF91</marc:subfield>
            <marc:subfield code="b">.L582 2001</marc:subfield>
        </marc:datafield>
        <marc:datafield tag="070" ind1="0" ind2=" ">
            <marc:subfield code="a">SF91</marc:subfield>
            <marc:subfield code="b">.L582 2001</marc:subfield>
        </marc:datafield>
        <marc:datafield tag="072" ind1=" " ind2=" ">
            <marc:subfield code="a">N100</marc:subfield>
        </marc:datafield>
        <marc:datafield tag="072" ind1=" " ind2=" ">
            <marc:subfield code="a">L800</marc:subfield>
        </marc:datafield>
        <marc:datafield tag="072" ind1=" " ind2=" ">
            <marc:subfield code="a">L600</marc:subfield>
        </marc:datafield>
        <marc:datafield tag="245" ind1="0" ind2="0">
            <marc:subfield code="a">Livestock Environment VI :</marc:subfield>
            <marc:subfield code="b">proceedings of the Sixth International Symposium, Galt House
                Hotel, Louisville, Kentucky, May 21-23, 2001 /</marc:subfield>
            <marc:subfield code="c">edited by Richard R. Stowell, Ray Bucklin, Robert W.
                Bottcher.</marc:subfield>
        </marc:datafield>
        <marc:datafield tag="260" ind1=" " ind2=" ">
            <marc:subfield code="a">St Joseph, MI :</marc:subfield>
            <marc:subfield code="b">ASAE/Society for Engineering in Agricultural, Food, and
                Biological Systems,</marc:subfield>
            <marc:subfield code="c">©2001.</marc:subfield>
        </marc:datafield>
        <marc:datafield tag="300" ind1=" " ind2=" ">
            <marc:subfield code="a">xvii, 763 pages :</marc:subfield>
            <marc:subfield code="b">illustrations ;</marc:subfield>
            <marc:subfield code="c">23 cm</marc:subfield>
        </marc:datafield>
        <marc:datafield tag="336" ind1=" " ind2=" ">
            <marc:subfield code="a">text</marc:subfield>
            <marc:subfield code="b">txt</marc:subfield>
            <marc:subfield code="2">rdacontent</marc:subfield>
        </marc:datafield>
        <marc:datafield tag="337" ind1=" " ind2=" ">
            <marc:subfield code="a">unmediated</marc:subfield>
            <marc:subfield code="b">n</marc:subfield>
            <marc:subfield code="2">rdamedia</marc:subfield>
        </marc:datafield>
        <marc:datafield tag="338" ind1=" " ind2=" ">
            <marc:subfield code="a">volume</marc:subfield>
            <marc:subfield code="b">nc</marc:subfield>
            <marc:subfield code="2">rdacarrier</marc:subfield>
        </marc:datafield>
        <marc:datafield tag="530" ind1=" " ind2=" ">
            <marc:subfield code="a">Also available on the Internet.</marc:subfield>
        </marc:datafield>
        <marc:datafield tag="505" ind1="0" ind2="0">
            <marc:subfield code="t">Keynote Speakers --</marc:subfield>
            <marc:subfield code="t">Changes in Animal Welfare Needed to Maintain Social
                Sustainability /</marc:subfield>
            <marc:subfield code="r">J.D. Armstrong, E.A. Pajor --</marc:subfield>
            <marc:subfield code="t">Environmental Design and Management for Livestock in the 21st
                Century: Resolving Conflicts by Integrated Solutions /</marc:subfield>
            <marc:subfield code="r">C.M. Wathes, S.M. Abeyesinghe, A.R. Frost --</marc:subfield>
            <marc:subfield code="t">Heat Stress Management-Dairy --</marc:subfield>
            <marc:subfield code="t">Effectiveness of Fan and Feedline Sprinklers in Cooling Dairy
                Cattle Housed in 2- or 4-row Freestall Buildings /</marc:subfield>
            <marc:subfield code="r">M.J. Brouk, J.F. Smith, J.P. Harner, III --</marc:subfield>
            <marc:subfield code="t">Animal Welfare Indicator and Behaviour of Dairy Cows Exposed to
                Different Climatization Systems During Summer Season /</marc:subfield>
            <marc:subfield code="r">E. Frazzi, L. Calamari, F. Calegari --</marc:subfield>
            <marc:subfield code="t">Performance of Tunnel Ventilation for Freestall Dairy Facilities
                as Compared to Natural Ventilation with Supplemental Cooling Fans /</marc:subfield>
            <marc:subfield code="r">R.R. Stowell, C.A. Gooch, S. Inglis --</marc:subfield>
            <marc:subfield code="t">A Study To Compare Nighttime Cooling Strategies on Commercial
                Dairy /</marc:subfield>
            <marc:subfield code="r">J.N. Spain, D.E. Spiers, J.D. Sampson --</marc:subfield>
            <marc:subfield code="t">Effect of Cooling Strategy and Night Temperature on Dairy Cow
                Performance During Heat Stress /</marc:subfield>
            <marc:subfield code="r">D.E. Spiers, J.N. Spain, M.J. Leonard, M.C. Lucy
                --</marc:subfield>
            <marc:subfield code="t">The Effects of Nighttime Versus Continuous-Cooling on Thermal
                Balance and Milk Production of Lactating Dairy Cows /</marc:subfield>
            <marc:subfield code="r">J.N. Spain, D.E. Spiers, J.D. Sampson --</marc:subfield>
            <marc:subfield code="t">Animal Growth &amp; Performance --</marc:subfield>
            <marc:subfield code="t">Monitoring Growth and Statistical Variation of Grow-Finish Swine
                /</marc:subfield>
            <marc:subfield code="r">R.L. Korthals --</marc:subfield>
            <marc:subfield code="t">A Hands-Off Method to Estimate Pig Weight by Light Projection
                and Image Analysis /</marc:subfield>
            <marc:subfield code="r">H. Minagawa, T. Murakami.</marc:subfield>
        </marc:datafield>
        <marc:datafield tag="505" ind1="8" ind2="0">
            <marc:subfield code="t">Effect of Pre-Weaning Housing System on Growth Performances and
                Carcass Composition of Pigs /</marc:subfield>
            <marc:subfield code="r">V. Fitas da Cruz, E.M. Lucas, F.J. Baptista --</marc:subfield>
            <marc:subfield code="t">Effect of Season (Summer vs. Fall) and Diet Nutrient Density on
                Performance and Carcass Characteristics of Growing-Finishing Swine /</marc:subfield>
            <marc:subfield code="r">R.O. Myer, R.A. Bucklin --</marc:subfield>
            <marc:subfield code="t">Modeling the Changing Genetics of Swine Growth /</marc:subfield>
            <marc:subfield code="r">T.C. Bridges, T.M. Brown-Brandl, L.W. Turner, J.A. Nienaber
                --</marc:subfield>
            <marc:subfield code="t">Goat Growth as a Function of Feed Intake /</marc:subfield>
            <marc:subfield code="r">E. Risch, J.M. Dzakuma, P.M. Johnson, C.O. Smith, H.D. Blackburn
                --</marc:subfield>
            <marc:subfield code="t">Heat Stress Management-Feeder Cattle --</marc:subfield>
            <marc:subfield code="t">Adaptation of Feedlot Cattle to Repeated Sinusoidal Heat
                Challenge /</marc:subfield>
            <marc:subfield code="r">M.J. Leonard, D.E. Spiers, G.L. Hahn --</marc:subfield>
            <marc:subfield code="t">Heat Wave Impacts on Feedlot Cattle: Considerations for Improved
                Environmental Management /</marc:subfield>
            <marc:subfield code="r">L. Hahn, T. Mader, D. Spiers, J. Gaughan, J. Nienaber, R.
                Eigenberg, T. Brown-Brandl, Q Hu, D. Griffin, L. Hungerford, A. Parkhurst, M.
                Leonard, W. Adams, L. Adams --</marc:subfield>
            <marc:subfield code="t">Strategies to Reduce High Heat Load on Feedlot Cattle
                /</marc:subfield>
            <marc:subfield code="r">J.B. Gaughan, T.M. Kunde, T.L. Mader, S.M. Holt, A. Lisle, M.S.
                Davis --</marc:subfield>
            <marc:subfield code="t">Heat Load Management for Feedlot Cattle /</marc:subfield>
            <marc:subfield code="r">T.L. Mader, S.M. Holt, J.B. Gaughan, G.L. Hahn, M.S. Davis, A.M.
                Parkhurst, D.E. Spiers --</marc:subfield>
            <marc:subfield code="t">Feed Intake Response of Heat Challenged Cattle /</marc:subfield>
            <marc:subfield code="r">J.A. Nienaber, G.L. Hahn, R.A. Eigenberg, T.M. Brown-Brandl,
                J.B. Gaughan --</marc:subfield>
            <marc:subfield code="t">Effects of Water Application to Feedlot Mounds During the Summer
                /</marc:subfield>
            <marc:subfield code="r">M.S. Davis, T.L. Mader --</marc:subfield>
            <marc:subfield code="t">Response of Swine to Environment --</marc:subfield>
            <marc:subfield code="t">Monitoring Water Intake in Pigs: Prediction of Disease and
                Stressors /</marc:subfield>
            <marc:subfield code="r">B.K. Pedersen, T.N. Madsen.</marc:subfield>
        </marc:datafield>
        <marc:datafield tag="505" ind1="8" ind2="0">
            <marc:subfield code="t">Pen Fouling in Pig Houses Affected by Temperature
                /</marc:subfield>
            <marc:subfield code="r">A.J.A. Aarnink, J.W. Schrama, R.J.E. Verheijen, J. Stefanowska
                --</marc:subfield>
            <marc:subfield code="t">Pregnant Sows Housed in Kennel Systems at Low Temperatures
                /</marc:subfield>
            <marc:subfield code="r">K.E. Boe, I.L. Andersen --</marc:subfield>
            <marc:subfield code="t">Feeding Systems for Pregnant Sows /</marc:subfield>
            <marc:subfield code="r">I.L. Andersen, K.E. Boe --</marc:subfield>
            <marc:subfield code="t">Sow and Litter Performance in Farrowing Pens vs. Crates
                /</marc:subfield>
            <marc:subfield code="r">P.A. Phillips, D. Fraser --</marc:subfield>
            <marc:subfield code="t">Comparison of Electronic Sow Feeding and Crated Management of
                Sows with Different Genetics /</marc:subfield>
            <marc:subfield code="r">R.L. Korthals --</marc:subfield>
            <marc:subfield code="t">Heat Stress Management -- Poultry --</marc:subfield>
            <marc:subfield code="t">A Survey Study of Environmental Control for Poultry in Central
                Regions of Saudi Arabia /</marc:subfield>
            <marc:subfield code="r">I.M. Al-Helal --</marc:subfield>
            <marc:subfield code="t">Thermal Environmental Analysis for Broiler Housing: A Case Study
                /</marc:subfield>
            <marc:subfield code="r">M. Amendola, D.R. Azevedo, J.E. Oliveira, I.A. Naas
                --</marc:subfield>
            <marc:subfield code="t">Effects of Drinking Water Temperature on Laying Hens Subjected
                to Warm Cyclic Environmental Conditions /</marc:subfield>
            <marc:subfield code="r">M.C. Puma, H. Xin, R.S. Gates, D.U. Ahn --</marc:subfield>
            <marc:subfield code="t">Cooling Caged Laying Hens in High-rise House by Fogging Inlet
                Air /</marc:subfield>
            <marc:subfield code="r">H. Xin, M.C. Puma --</marc:subfield>
            <marc:subfield code="t">Effect of Different Ventilation Systems on Hot Weather Thermal
                Comfort and Performance of Broiler Chickens Raised at High Placement
                /</marc:subfield>
            <marc:subfield code="r">I.F.F. Tinoco, N. Zanolla, R.C. Alvarenga e Melo, F.C. Baeta,
                A.L.A. Tinoco, T. Yanagi Jr., S.R.P. Moraes, J.N. Silva --</marc:subfield>
            <marc:subfield code="t">Effects of Stocking Density on the Performance of Broiler
                Chickens Grown Under Water Fogging and Tunnel Ventilation Systems /</marc:subfield>
            <marc:subfield code="r">I.F.F. Tinoco, J.M. Fonseca, R.C. Alvarenga e Melo, A.L.A
                Tinoco, S.R.P Moraes, T. Yanagi Jr. --</marc:subfield>
            <marc:subfield code="t">Ventilation Systems and Performance.</marc:subfield>
        </marc:datafield>
        <marc:datafield tag="505" ind1="8" ind2="0">
            <marc:subfield code="t">Air Motion and Temperature Distribution within Covered Pig Creep
                Zones in Rooms /</marc:subfield>
            <marc:subfield code="r">G. Zhang, S. Morsing, J.S. Strom, P. Ravn --</marc:subfield>
            <marc:subfield code="t">Air Velocities in the Occupied Region of a Ventilated Livestock
                Room /</marc:subfield>
            <marc:subfield code="r">J.S. Strom, G. Zhang, S. Morsing --</marc:subfield>
            <marc:subfield code="t">Odour Reduction in a Swine Barn by Isolating the Dunging Area
                /</marc:subfield>
            <marc:subfield code="r">J. Feddes, I. Edeogu, B. Bloemendaal, S. Lemay, R. Coleman
                --</marc:subfield>
            <marc:subfield code="t">Numerical Simulation of Airflow in a Room with Multiple Wall
                Inlets /</marc:subfield>
            <marc:subfield code="r">B. Bjerg, K. Svidt, G. Zhang, S. Morsing, J.O. Johnsen
                --</marc:subfield>
            <marc:subfield code="t">Development of a Simulation Model for a Ventilation System for
                Swine Confinement /</marc:subfield>
            <marc:subfield code="r">L. Zhang, T.F. Smith, P.T. O'. Shaughnessy --</marc:subfield>
            <marc:subfield code="t">Development of a Stereoscopic Particle Image Velocimetry System
                for Full-Scale Room Air Flow Studies. Part I: Algorithms and Validation
                /</marc:subfield>
            <marc:subfield code="r">Y. Sun, Y. Zhang, S. Zhang, L. Zhao, X. Wang --</marc:subfield>
            <marc:subfield code="t">Thermal Modeling --</marc:subfield>
            <marc:subfield code="t">Heat and Moisture Production of Broiler Chickens in Commercial
                Housing /</marc:subfield>
            <marc:subfield code="r">H. Xin, I.L. Berry, G.T. Tabler, T.A. Costello
                --</marc:subfield>
            <marc:subfield code="t">Heat and Moisture Production of Poultry and Their Housing
                Systems -- A Literature Review /</marc:subfield>
            <marc:subfield code="r">H.J. Chepete, H. Xin --</marc:subfield>
            <marc:subfield code="t">Measurement and Simulation of Camel Core Body Temperature
                Response to Ambient Temperature /</marc:subfield>
            <marc:subfield code="r">A.A. Al-Faraj, A.A. Al-Haidary --</marc:subfield>
            <marc:subfield code="t">Evaporative and Convective Cooling of Cows in a Hot and Humid
                Environment /</marc:subfield>
            <marc:subfield code="r">P.E. Hillman, K.G. Gebremedhin, A. Parkhurst, J. Fuquay, S.
                Willard --</marc:subfield>
            <marc:subfield code="t">Climate Change Effects on Livestock Production in the Great
                Plains /</marc:subfield>
            <marc:subfield code="r">K.L. Frank, T.L. Mader, J.A. Harrington, Jr., G.L. Hahn, M.S.
                Davis --</marc:subfield>
            <marc:subfield code="t">Indoor Air Quality.</marc:subfield>
        </marc:datafield>
        <marc:datafield tag="505" ind1="8" ind2="0">
            <marc:subfield code="t">Protocol for Determination of Environmental Parameters in Animal
                Housing /</marc:subfield>
            <marc:subfield code="r">E.F. Wheeler, R.E. Graves, J.L. Zajaczkowski, J.T. Tyson, D.F.
                McFarland, P. Richie --</marc:subfield>
            <marc:subfield code="t">Thermal Environmental Conditions in Curtain Sided Naturally
                Ventilated Dairy Freestall Barns /</marc:subfield>
            <marc:subfield code="r">K.A. Janni, D.M. Allen --</marc:subfield>
            <marc:subfield code="t">Evaluation of Broiler Housing Indoor Air Quality During Heating
                and During the Use of Two Types of Ventilation: Natural and Tunnel /</marc:subfield>
            <marc:subfield code="r">M.S. Baracho, I.A. Naas, M.Y. Miragliotta --</marc:subfield>
            <marc:subfield code="t">Horse Facility Temperature and Humidity During Winter Conditions
                /</marc:subfield>
            <marc:subfield code="r">E.F. Wheeler, J.L. Zajaczkowski, R.E. Graves --</marc:subfield>
            <marc:subfield code="t">Reducing Fatality Risks from Livestock Manure Storage Facilities
                /</marc:subfield>
            <marc:subfield code="r">M.J. Robert, R.A. Aherin, Y. Zhang --</marc:subfield>
            <marc:subfield code="t">A Comparative Analysis of Biogas Yield from Poultry, Cattle and
                Piggery Wastes /</marc:subfield>
            <marc:subfield code="r">I.N. Itodo, J.O. Awulu, T. Philip --</marc:subfield>
            <marc:subfield code="t">Heat Stress in Cattle --</marc:subfield>
            <marc:subfield code="t">Vital Functions of Gir Calves in the First 7 Days of Life.
                Relationship with the Temperature-Humidity Index /</marc:subfield>
            <marc:subfield code="r">F. Baccari, Jr., J.A.N. Lisboa, E.G. Lo Turco, W.S. Marcal
                --</marc:subfield>
            <marc:subfield code="t">Efficiency of Modified Evaporative Cooling in Midwest Dairy
                Freestall Barns /</marc:subfield>
            <marc:subfield code="r">M.J. Brouk, J.F. Smith, J.P. Harner, III --</marc:subfield>
            <marc:subfield code="t">Corn By-products to Feed Grazing Dairy Cows during Summer
                /</marc:subfield>
            <marc:subfield code="r">M.R. Gallardo, S.E. Valtorta, J. Maiztegui --</marc:subfield>
            <marc:subfield code="t">Meteorological Effects on Reproduction of Grazing Dairy Cows
                /</marc:subfield>
            <marc:subfield code="r">J.L. Alonso, R.E. Seguro, O.J. Garnero, J.D. Bertero, J.G.
                Bertoli, P.E. Leva, S.E. Valtorta --</marc:subfield>
            <marc:subfield code="t">Monitoring Thermal Response of Cattle.</marc:subfield>
        </marc:datafield>
        <marc:datafield tag="505" ind1="8" ind2="0">
            <marc:subfield code="t">Comparison of Methods of Measuring Deep Body Temperatures of
                Dairy Cows /</marc:subfield>
            <marc:subfield code="r">L.C. Hicks, W.S. Hicks, R.A. Bucklin, J.K. Shearer, D.R. Bray,
                P. Soto, V. Carvalho --</marc:subfield>
            <marc:subfield code="t">Development of a Respiration Rate Monitor for Cattle and Swine
                /</marc:subfield>
            <marc:subfield code="r">R.A. Eigenberg, G.L. Hahn, T.M. Brown-Brandl, J.A. Nienaber
                --</marc:subfield>
            <marc:subfield code="t">Correlations of Respiration Rate, Core Body Temperatures, and
                Ambient Temperatures for Shaded and Non-shaded Cattle /</marc:subfield>
            <marc:subfield code="r">T.M. Brown-Brandl, R.A. Eigenberg, G.L. Hahn, J.A. Nienaber
                --</marc:subfield>
            <marc:subfield code="t">Effect of Shade After Exposure to Direct Solar Radiation on Body
                Temperature Dynamic Responses in Alentejana and Limousine Beef Cattle
                /</marc:subfield>
            <marc:subfield code="r">A. Pereira, F. Baccari, Jr., E. Titto, A. de Almeida
                --</marc:subfield>
            <marc:subfield code="t">Thermal Environment for Poultry --</marc:subfield>
            <marc:subfield code="t">Adapting a Tunnel Ventilation for High Density Broiler
                Production -- A Case Study /</marc:subfield>
            <marc:subfield code="r">M.E. Corria, L.A. Naas --</marc:subfield>
            <marc:subfield code="t">Development of a Mathematical Model to Determine Broiler Weight
                Gain as a Function of Poultry Housing Orientation, Shading and Forced Ventilation
                /</marc:subfield>
            <marc:subfield code="r">D.J. Moura, I.A. Naas --</marc:subfield>
            <marc:subfield code="t">Study of Thermal Environment for Scaled Models of Broiler
                Houses, Using Tiles of Clay, Asbestos and Aluminum, under Summer Conditions
                /</marc:subfield>
            <marc:subfield code="r">S.R.P. Morais, I.F.F. Tinoco, F.C. Baeta, T. Yanagi, Jr., R.B.
                Vigoderis, P.R. Cecon --</marc:subfield>
            <marc:subfield code="t">Determination of the Effectiveness (E) of Different Types of
                Roof Materials on Broiler Buildings Under Summer Conditions in Brazil
                /</marc:subfield>
            <marc:subfield code="r">S.R.P. Morais, I.F.F. Tinoco, F.C. Baeta, T. Yanagi, Jr., R.B.
                Vigoderis, A.L.R. Oliveira --</marc:subfield>
            <marc:subfield code="t">Prediction of Black Globe Humidity Index in Poultry Buildings
                /</marc:subfield>
            <marc:subfield code="r">T. Yanagi, Jr., G.S. Damasceno, V.H. Teixeira, H.
                Xin.</marc:subfield>
        </marc:datafield>
        <marc:datafield tag="505" ind1="8" ind2="0">
            <marc:subfield code="t">Energy &amp; Building Environment --</marc:subfield>
            <marc:subfield code="t">Ventilated Roofs as a Tool for Improving the Internal
                Environment of Animal Houses in Hot Summer Climates /</marc:subfield>
            <marc:subfield code="r">P. Liberati, P. Zappavigna --</marc:subfield>
            <marc:subfield code="t">Renovation of Ancient Agricultural Buildings for Livestock or
                Poultry Housing /</marc:subfield>
            <marc:subfield code="r">M.A. Garcimartin, E.M. Sanchez, M.P. Larraneta
                --</marc:subfield>
            <marc:subfield code="t">Odor Measurement --</marc:subfield>
            <marc:subfield code="t">Phytase-Induced Volatile Fatty Acid Production in Growing Pigs
                /</marc:subfield>
            <marc:subfield code="r">A. Woldeghebriel, A. Koenigfeld, A.G. Mathew --</marc:subfield>
            <marc:subfield code="t">Measurement of Odors and Odorants in Swine Building Airflow
                Using Aspirated Fabric Swatches and Dust Samples /</marc:subfield>
            <marc:subfield code="r">R.W. Bottcher, K.M. Keener, R.D. Munilla, L.L. Oehrl-Dean
                --</marc:subfield>
            <marc:subfield code="t">Transportation of Animals --</marc:subfield>
            <marc:subfield code="t">Heat and Moisture Generation of Livestock During Transportation
                /</marc:subfield>
            <marc:subfield code="r">P.J. Kettlewell, C.J. Hampson, N.R. Green, N.J. Teer, B.M.
                Veale, M.A. Mitchell --</marc:subfield>
            <marc:subfield code="t">Response of Early Weaned Piglets to Simulated Transport Duration
                and Temperature /</marc:subfield>
            <marc:subfield code="r">R.J. Berry, N.J. Lewis --</marc:subfield>
            <marc:subfield code="t">Remote Physiological Monitoring of Livestock -- An Implantable
                Radio-Telemetry System /</marc:subfield>
            <marc:subfield code="r">M.A. Mitchell, P.J. Kettlewell, J.C. Lowe, R.R. Hunter, T. King,
                M. Ritchie, J. Bracken --</marc:subfield>
            <marc:subfield code="t">Mortality of Broiler Chickens in Transit -- Correlation with the
                Thermal Micro-environment /</marc:subfield>
            <marc:subfield code="r">R.R. Hunter, M.A. Mitchell, C. Matheu --</marc:subfield>
            <marc:subfield code="t">Physiological Stress Response Modeling -- Application to the
                Broiler Transport Thermal Environment /</marc:subfield>
            <marc:subfield code="r">M.A. Mitchell, P.J. Kettlewell, R.R. Hunter, A.J. Carlisle
                --</marc:subfield>
            <marc:subfield code="t">Controlled Ventilation System for Livestock Transport Vehicles
                /</marc:subfield>
            <marc:subfield code="r">P.J. Kettlewell, R.P. Hoxey, R.L. Hartshorn, I.R. Meeks, P.
                Twydell --</marc:subfield>
            <marc:subfield code="t">Indoor Air Quality -- Dust.</marc:subfield>
        </marc:datafield>
        <marc:datafield tag="505" ind1="8" ind2="0">
            <marc:subfield code="t">Relationship between Airborne Bacteria and Dust Concentration in
                Layer House /</marc:subfield>
            <marc:subfield code="r">A. Ikeguchi --</marc:subfield>
            <marc:subfield code="t">Full-Scale Model Experiments on Airborne Particle Transport
                between Pigs in a Room /</marc:subfield>
            <marc:subfield code="r">H. Takai, G. Zhang, P. Dahl, B. Bjerg, E. Joergensen, J.P.
                Nielsen --</marc:subfield>
            <marc:subfield code="t">Temporal Variation in Swine Confinement Indoor Air Quality
                /</marc:subfield>
            <marc:subfield code="r">C. Achutan, Z.E. Nelson, A.W. Karsten, P.T. O'. Shaughnessy
                --</marc:subfield>
            <marc:subfield code="t">Effect of Air Outlet Location on Dust Spatial Distribution and
                Ventilation Effectiveness in a Full-Scale Experimental Room /</marc:subfield>
            <marc:subfield code="r">X. Wang, Y. Zhang, L.Y. Zhao, G.L. Riskowski --</marc:subfield>
            <marc:subfield code="t">An Aerodynamic Deduster to Reduce Dust and Gas Emissions from
                Ventilated Livestock Facilities /</marc:subfield>
            <marc:subfield code="r">Y. Zhang, J.A. Polakow, X. Wang, G.L. Riskowski, Y. Sun, S.E.
                Ford --</marc:subfield>
            <marc:subfield code="t">Animal Behavior --</marc:subfield>
            <marc:subfield code="t">Early Weaning of Calves -- How Does it Affect the Behaviour
                /</marc:subfield>
            <marc:subfield code="r">K.E. Boe, I.L. Andersen --</marc:subfield>
            <marc:subfield code="t">Feeding Behavior of Dairy Cows in an Automatic Milking System at
                Two Different Feeding Regimes /</marc:subfield>
            <marc:subfield code="r">H.H. Oostra, K. Sallvik --</marc:subfield>
            <marc:subfield code="t">Effects of Housing Typologies on the Welfare of
                Growing-Finishing Hogs /</marc:subfield>
            <marc:subfield code="r">M. Barbari --</marc:subfield>
            <marc:subfield code="t">Using Transponders for Determining Breeder Behavior Versus
                Environmental Temperature /</marc:subfield>
            <marc:subfield code="r">I.A. Naas, F.P.F. Curto, D.F. Pereira, M. Amendola, F.H. Behrens
                --</marc:subfield>
            <marc:subfield code="t">Shade-Seeking Behavior of Rotationally-Grazed Cows and Calves in
                a Moderate Climate /</marc:subfield>
            <marc:subfield code="r">T.M. Widowski --</marc:subfield>
            <marc:subfield code="t">Global Positioning Systems (GPS) and Grazing Behavior in Cattle
                /</marc:subfield>
            <marc:subfield code="r">L.W. Turner, M. Anderson, B.T. Larson, M.C. Udal
                --</marc:subfield>
            <marc:subfield code="t">Manure Gas and Odor Emissions --</marc:subfield>
            <marc:subfield code="t">Ammonia Emissions from Animal Production and Possibility of
                their Reduction in the Slovak Republic /</marc:subfield>
            <marc:subfield code="r">J. Sottnik.</marc:subfield>
        </marc:datafield>
        <marc:datafield tag="505" ind1="8" ind2="0">
            <marc:subfield code="t">Validation of the Collection Efficiency of Passive Ammonia Flux
                Samplers /</marc:subfield>
            <marc:subfield code="r">D.C. Welch, T.G.M. Demmers, J.J. Colls, C.M. Wathes
                --</marc:subfield>
            <marc:subfield code="t">Characterization of Odor and Gas Emitting Potential from
                Mechanically Ventilated Deep and Shallow Pit Swine Finishing Buildings in Illinois
                /</marc:subfield>
            <marc:subfield code="r">G.Y. Miller, M.J. Robert, R.G. Maghirang, G.L. Riskowski, A.J.
                Heber, K.R. Cadwallader --</marc:subfield>
            <marc:subfield code="t">Oil Sprinkling and Dietary Manipulation to Reduce Odour and Gas
                Emissions from Swine Buildings -- Laboratory Scale Experiment /</marc:subfield>
            <marc:subfield code="r">S. Godbout, S.P. Lemay, R. Joncas, J.P. Larouche, D.Y. Martin,
                J.F. Bernier, R.T. Zijlstra, L. Chenard, A. Marquis, E.M. Barber, D. Masse
                --</marc:subfield>
            <marc:subfield code="t">Influence of Weather Conditions on Field Evaluation of Odor
                Dispersions from Animal Production Sites /</marc:subfield>
            <marc:subfield code="r">L.D. Jacobson, H. Guo, D.R. Schmidt, R.E. Nicolai
                --</marc:subfield>
            <marc:subfield code="t">Simulation of Odor Dispersions as Impacted by Weather Conditions
                /</marc:subfield>
            <marc:subfield code="r">H. Guo, L.D. Jacobson, D.R. Schmidt, K.A. Janni
                --</marc:subfield>
            <marc:subfield code="t">Animal Welfare &amp; Environment --</marc:subfield>
            <marc:subfield code="t">Light, Poultry and Vision /</marc:subfield>
            <marc:subfield code="r">N.B. Prescott, C.M. Wathes --</marc:subfield>
            <marc:subfield code="t">Environmental Conditions in Plastic Film Covered Calf Facilities
                /</marc:subfield>
            <marc:subfield code="r">C.A. Gooch, S.F. Inglis --</marc:subfield>
            <marc:subfield code="t">Using Behavioral Indicators and Injury Scores to Assess the
                Effect of Stall Flooring on Cow Comfort /</marc:subfield>
            <marc:subfield code="r">J. Rushen, A.M. de Passille, D.B. Haley, E. Manninen, H.
                Saloniemi --</marc:subfield>
            <marc:subfield code="t">Using Force Between Cow and Feed Barrier as a Design Parameter
                for the Eating Place /</marc:subfield>
            <marc:subfield code="r">K. Hansen, J.S. Strom --</marc:subfield>
            <marc:subfield code="t">Housing Systems for Improved Manure Management
                --</marc:subfield>
            <marc:subfield code="t">The Eco Barn: Good for Animals and Good for the Environment
                /</marc:subfield>
            <marc:subfield code="r">J.C. Luymes.</marc:subfield>
        </marc:datafield>
        <marc:datafield tag="505" ind1="8" ind2="0">
            <marc:subfield code="t">Indoor Air Quality and Pig Performance within a High-Rise Hog
                Facility /</marc:subfield>
            <marc:subfield code="r">R.R. Stowell, H. Keener, D. Elwell, T. Menke, S. Inglis
                --</marc:subfield>
            <marc:subfield code="t">Development of an Energy Efficient Swine Building Using Conveyor
                Belts for Manure Handling /</marc:subfield>
            <marc:subfield code="r">K.A. Elmer, C.A. Rimbach, R.W. Bottcher, F.J. Humenik, J.J.
                Classen, J.M. Rice, T.A. van Kempen, E. van Heugten, K.D. Zering, J. Gregory, J.
                Hardesty --</marc:subfield>
            <marc:subfield code="t">Composting Swine Manure: A Technical and Economic Analysis
                /</marc:subfield>
            <marc:subfield code="r">R.C. Lacy, W.A. Frank, R.D. Little.</marc:subfield>
        </marc:datafield>
        <marc:datafield tag="591" ind1=" " ind2=" ">
            <marc:subfield code="b">NAL Reclamation</marc:subfield>
        </marc:datafield>
        <marc:datafield tag="650" ind1=" " ind2="0">
            <marc:subfield code="a">Livestock</marc:subfield>
            <marc:subfield code="x">Housing</marc:subfield>
            <marc:subfield code="v">Congresses.</marc:subfield>
        </marc:datafield>
        <marc:datafield tag="650" ind1=" " ind2="0">
            <marc:subfield code="a">Livestock</marc:subfield>
            <marc:subfield code="x">Ecology</marc:subfield>
            <marc:subfield code="v">Congresses.</marc:subfield>
        </marc:datafield>
        <marc:datafield tag="650" ind1=" " ind2="0">
            <marc:subfield code="a">Veterinary physiology</marc:subfield>
            <marc:subfield code="v">Congresses.</marc:subfield>
        </marc:datafield>
        <marc:datafield tag="650" ind1=" " ind2="0">
            <marc:subfield code="a">Veterinary hygiene</marc:subfield>
            <marc:subfield code="v">Congresses.</marc:subfield>
        </marc:datafield>
        <marc:datafield tag="655" ind1=" " ind2="3">
            <marc:subfield code="a">Internet resource.</marc:subfield>
        </marc:datafield>
        <marc:datafield tag="655" ind1=" " ind2="7">
            <marc:subfield code="a">Conference papers and proceedings.</marc:subfield>
            <marc:subfield code="2">fast</marc:subfield>
            <marc:subfield code="0">(OCoLC)fst01423772</marc:subfield>
        </marc:datafield>
        <marc:datafield tag="655" ind1=" " ind2="7">
            <marc:subfield code="a">Louisville (Ky., 2001)</marc:subfield>
            <marc:subfield code="2">swd</marc:subfield>
        </marc:datafield>
        <marc:datafield tag="700" ind1="1" ind2=" ">
            <marc:subfield code="a">Stowell, Richard R.</marc:subfield>
        </marc:datafield>
        <marc:datafield tag="700" ind1="1" ind2=" ">
            <marc:subfield code="a">Bucklin, Ray.</marc:subfield>
        </marc:datafield>
        <marc:datafield tag="700" ind1="1" ind2=" ">
            <marc:subfield code="a">Bottcher, Robert William,</marc:subfield>
            <marc:subfield code="d">1957-</marc:subfield>
            <marc:subfield code="0">http://id.loc.gov/authorities/names/n88680118</marc:subfield>
        </marc:datafield>
        <marc:datafield tag="711" ind1="2" ind2=" ">
            <marc:subfield code="a">International Livestock Environment Symposium</marc:subfield>
            <marc:subfield code="n">(6th :</marc:subfield>
            <marc:subfield code="d">2001 :</marc:subfield>
            <marc:subfield code="c">Louisville, Ky.)</marc:subfield>
        </marc:datafield>
        <marc:datafield tag="776" ind1="0" ind2="8">
            <marc:subfield code="i">Online version:</marc:subfield>
            <marc:subfield code="t">Livestock Environment VI.</marc:subfield>
            <marc:subfield code="d">St Joseph, MI : ASAE/Society for Engineering in Agricultural,
                Food, and Biological Systems, ©2001</marc:subfield>
            <marc:subfield code="w">(OCoLC)904219278</marc:subfield>
        </marc:datafield>
        <marc:datafield tag="856" ind1="4" ind2="1">
            <marc:subfield code="u"
                >https://elibrary.asabe.org/conference.asp?confid=iles2001</marc:subfield>
        </marc:datafield>
        <marc:datafield tag="912" ind1=" " ind2=" ">
            <marc:subfield code="a">nalcatalog</marc:subfield>
        </marc:datafield>
        <marc:datafield tag="930" ind1=" " ind2=" ">
            <marc:subfield code="a">20030203</marc:subfield>
            <marc:subfield code="b">20030211</marc:subfield>
            <marc:subfield code="c">00000000</marc:subfield>
        </marc:datafield>
        <marc:datafield tag="938" ind1=" " ind2=" ">
            <marc:subfield code="a">Baker and Taylor</marc:subfield>
            <marc:subfield code="b">BTCP</marc:subfield>
            <marc:subfield code="n">2001090005</marc:subfield>
        </marc:datafield>
        <marc:datafield tag="938" ind1=" " ind2=" ">
            <marc:subfield code="a">YBP Library Services</marc:subfield>
            <marc:subfield code="b">YANK</marc:subfield>
            <marc:subfield code="n">1794783</marc:subfield>
        </marc:datafield>
        <marc:datafield tag="939" ind1=" " ind2=" ">
            <marc:subfield code="a">20020801</marc:subfield>
            <marc:subfield code="b">20020807</marc:subfield>
            <marc:subfield code="c">00000000</marc:subfield>
        </marc:datafield>
        <marc:datafield tag="939" ind1=" " ind2=" ">
            <marc:subfield code="a">20030124</marc:subfield>
            <marc:subfield code="b">00000000</marc:subfield>
            <marc:subfield code="c">00000000</marc:subfield>
        </marc:datafield>
        <marc:datafield tag="945" ind1=" " ind2=" ">
            <marc:subfield code="d">SES</marc:subfield>
            <marc:subfield code="e">2002/07/11</marc:subfield>
            <marc:subfield code="f">SES</marc:subfield>
            <marc:subfield code="g">2002/07/11</marc:subfield>
        </marc:datafield>
        <marc:datafield tag="946" ind1=" " ind2=" ">
            <marc:subfield code="a">Other US</marc:subfield>
        </marc:datafield>
        <marc:datafield tag="994" ind1=" " ind2=" ">
            <marc:subfield code="a">92</marc:subfield>
            <marc:subfield code="b">AGL</marc:subfield>
        </marc:datafield>
    </marc:record>