
    <marc:record>
        <marc:leader>13905cam a22006854a 4500</marc:leader>
        <marc:controlfield tag="001">9915523515707426</marc:controlfield>
        <marc:controlfield tag="005">20221102185122.0</marc:controlfield>
        <marc:controlfield tag="008">100820s2011 mouaf b 001 0 eng </marc:controlfield>
        <marc:datafield tag="010" ind1=" " ind2=" ">
            <marc:subfield code="a"> 2010035776</marc:subfield>
        </marc:datafield>
        <marc:datafield tag="015" ind1=" " ind2=" ">
            <marc:subfield code="a">GBB095678</marc:subfield>
            <marc:subfield code="2">bnb</marc:subfield>
        </marc:datafield>
        <marc:datafield tag="015" ind1=" " ind2=" ">
            <marc:subfield code="a">GBB807277</marc:subfield>
            <marc:subfield code="2">bnb</marc:subfield>
        </marc:datafield>
        <marc:datafield tag="016" ind1="7" ind2=" ">
            <marc:subfield code="a">CAT31077383</marc:subfield>
            <marc:subfield code="2">DNAL</marc:subfield>
        </marc:datafield>
        <marc:datafield tag="016" ind1="7" ind2=" ">
            <marc:subfield code="a">101538780</marc:subfield>
            <marc:subfield code="2">DNLM</marc:subfield>
        </marc:datafield>
        <marc:datafield tag="016" ind1="7" ind2=" ">
            <marc:subfield code="a">015623980</marc:subfield>
            <marc:subfield code="2">Uk</marc:subfield>
        </marc:datafield>
        <marc:datafield tag="019" ind1=" " ind2=" ">
            <marc:subfield code="a">610830099</marc:subfield>
            <marc:subfield code="a">655663625</marc:subfield>
            <marc:subfield code="a">1043227979</marc:subfield>
            <marc:subfield code="a">1058386998</marc:subfield>
            <marc:subfield code="a">1061326877</marc:subfield>
            <marc:subfield code="a">1076766246</marc:subfield>
            <marc:subfield code="a">1090673344</marc:subfield>
        </marc:datafield>
        <marc:datafield tag="020" ind1=" " ind2=" ">
            <marc:subfield code="a">9781416060697</marc:subfield>
            <marc:subfield code="q">(hardcover ;</marc:subfield>
            <marc:subfield code="q">alk. paper)</marc:subfield>
        </marc:datafield>
        <marc:datafield tag="020" ind1=" " ind2=" ">
            <marc:subfield code="a">1416060693</marc:subfield>
            <marc:subfield code="q">(hardcover ;</marc:subfield>
            <marc:subfield code="q">alk. paper)</marc:subfield>
        </marc:datafield>
        <marc:datafield tag="035" ind1=" " ind2=" ">
            <marc:subfield code="a">1077383</marc:subfield>
        </marc:datafield>
        <marc:datafield tag="035" ind1=" " ind2=" ">
            <marc:subfield code="a">(OCoLC)658536645</marc:subfield>
            <marc:subfield code="z">(OCoLC)610830099</marc:subfield>
            <marc:subfield code="z">(OCoLC)655663625</marc:subfield>
            <marc:subfield code="z">(OCoLC)1043227979</marc:subfield>
            <marc:subfield code="z">(OCoLC)1058386998</marc:subfield>
            <marc:subfield code="z">(OCoLC)1061326877</marc:subfield>
            <marc:subfield code="z">(OCoLC)1076766246</marc:subfield>
            <marc:subfield code="z">(OCoLC)1090673344</marc:subfield>
        </marc:datafield>
        <marc:datafield tag="035" ind1=" " ind2=" ">
            <marc:subfield code="a">(DNAL)1077383-naldb-Voyager</marc:subfield>
        </marc:datafield>
        <marc:datafield tag="035" ind1=" " ind2=" ">
            <marc:subfield code="z">(OCoLC)610830099</marc:subfield>
            <marc:subfield code="z">(OCoLC)655663625</marc:subfield>
            <marc:subfield code="z">(OCoLC)1043227979</marc:subfield>
            <marc:subfield code="z">(OCoLC)1058386998</marc:subfield>
            <marc:subfield code="z">(OCoLC)1061326877</marc:subfield>
            <marc:subfield code="z">(OCoLC)1076766246</marc:subfield>
            <marc:subfield code="z">(OCoLC)1090673344</marc:subfield>
        </marc:datafield>
        <marc:datafield tag="040" ind1=" " ind2=" ">
            <marc:subfield code="a">DNLM/DLC</marc:subfield>
            <marc:subfield code="b">eng</marc:subfield>
            <marc:subfield code="c">DLC</marc:subfield>
            <marc:subfield code="d">YDX</marc:subfield>
            <marc:subfield code="d">BTCTA</marc:subfield>
            <marc:subfield code="d">NLM</marc:subfield>
            <marc:subfield code="d">YDXCP</marc:subfield>
            <marc:subfield code="d">U5D</marc:subfield>
            <marc:subfield code="d">AGL</marc:subfield>
            <marc:subfield code="d">CDX</marc:subfield>
            <marc:subfield code="d">IG#</marc:subfield>
            <marc:subfield code="d">OCLCF</marc:subfield>
            <marc:subfield code="d">OCLCO</marc:subfield>
            <marc:subfield code="d">OCLCQ</marc:subfield>
            <marc:subfield code="d">UKM</marc:subfield>
            <marc:subfield code="d">OCLCQ</marc:subfield>
            <marc:subfield code="d">AU@</marc:subfield>
            <marc:subfield code="d">OCLCO</marc:subfield>
            <marc:subfield code="d">OCLCA</marc:subfield>
            <marc:subfield code="d">OCLCQ</marc:subfield>
            <marc:subfield code="d">IEUOL</marc:subfield>
            <marc:subfield code="d">OCLCQ</marc:subfield>
            <marc:subfield code="d">CN3GA</marc:subfield>
        </marc:datafield>
        <marc:datafield tag="042" ind1=" " ind2=" ">
            <marc:subfield code="a">pcc</marc:subfield>
        </marc:datafield>
        <marc:datafield tag="049" ind1=" " ind2=" ">
            <marc:subfield code="a">AGLL</marc:subfield>
        </marc:datafield>
        <marc:datafield tag="050" ind1="1" ind2="0">
            <marc:subfield code="a">SF959.L25</marc:subfield>
            <marc:subfield code="b">R67 2011</marc:subfield>
        </marc:datafield>
        <marc:datafield tag="070" ind1="0" ind2=" ">
            <marc:subfield code="a">SF959.L25</marc:subfield>
            <marc:subfield code="b">R67 2011</marc:subfield>
        </marc:datafield>
        <marc:datafield tag="245" ind1="0" ind2="0">
            <marc:subfield code="a">Diagnosis and management of lameness in the horse
                /</marc:subfield>
            <marc:subfield code="c">[edited by] Mike W. Ross, Sue J. Dyson.</marc:subfield>
        </marc:datafield>
        <marc:datafield tag="250" ind1=" " ind2=" ">
            <marc:subfield code="a">2nd ed.</marc:subfield>
        </marc:datafield>
        <marc:datafield tag="260" ind1=" " ind2=" ">
            <marc:subfield code="a">St. Louis, Mo. :</marc:subfield>
            <marc:subfield code="b">Elsevier/Saunders,</marc:subfield>
            <marc:subfield code="c">©2011.</marc:subfield>
        </marc:datafield>
        <marc:datafield tag="300" ind1=" " ind2=" ">
            <marc:subfield code="a">xxii, 1396 pages, 4 unnumbered pages of plates :</marc:subfield>
            <marc:subfield code="b">illustrations (some color) ;</marc:subfield>
            <marc:subfield code="c">29 cm</marc:subfield>
        </marc:datafield>
        <marc:datafield tag="336" ind1=" " ind2=" ">
            <marc:subfield code="a">text</marc:subfield>
            <marc:subfield code="b">txt</marc:subfield>
            <marc:subfield code="2">rdacontent</marc:subfield>
        </marc:datafield>
        <marc:datafield tag="337" ind1=" " ind2=" ">
            <marc:subfield code="a">unmediated</marc:subfield>
            <marc:subfield code="b">n</marc:subfield>
            <marc:subfield code="2">rdamedia</marc:subfield>
        </marc:datafield>
        <marc:datafield tag="338" ind1=" " ind2=" ">
            <marc:subfield code="a">volume</marc:subfield>
            <marc:subfield code="b">nc</marc:subfield>
            <marc:subfield code="2">rdacarrier</marc:subfield>
        </marc:datafield>
        <marc:datafield tag="504" ind1=" " ind2=" ">
            <marc:subfield code="a">Includes bibliographical references and index.</marc:subfield>
        </marc:datafield>
        <marc:datafield tag="520" ind1="8" ind2=" ">
            <marc:subfield code="a">Helping you to apply many different diagnostic tools, this book
                explores both traditional treatments and alternative therapies for conditions that
                can cause gait abnormalities in horses. It emphasizes accurate and systematic
                observation and clinical examination, with descriptions of diagnostic analgesia,
                radiography and ultrasonography.</marc:subfield>
        </marc:datafield>
        <marc:datafield tag="506" ind1=" " ind2=" ">
            <marc:subfield code="a">Licence conditions preclude Library use of accompanying
                Website.</marc:subfield>
        </marc:datafield>
        <marc:datafield tag="505" ind1="0" ind2="0">
            <marc:subfield code="a">Machine generated contents note:</marc:subfield>
            <marc:subfield code="g">pt. I</marc:subfield>
            <marc:subfield code="t">DIAGNOSIS OF LAMENESS --</marc:subfield>
            <marc:subfield code="g">Section 1</marc:subfield>
            <marc:subfield code="t">Lameness Examination --</marc:subfield>
            <marc:subfield code="g">1.</marc:subfield>
            <marc:subfield code="t">Lameness Examination: Historical Perspective /</marc:subfield>
            <marc:subfield code="r">Mike W. Ross --</marc:subfield>
            <marc:subfield code="g">2.</marc:subfield>
            <marc:subfield code="t">Lameness in Horses: Basic Facts Before Starting
                /</marc:subfield>
            <marc:subfield code="r">Mike W. Ross --</marc:subfield>
            <marc:subfield code="g">3.</marc:subfield>
            <marc:subfield code="t">Anamnesis (History) /</marc:subfield>
            <marc:subfield code="r">Mike W. Ross --</marc:subfield>
            <marc:subfield code="g">4.</marc:subfield>
            <marc:subfield code="t">Conformation and Lameness /</marc:subfield>
            <marc:subfield code="r">C. Wayne Mcilwraith --</marc:subfield>
            <marc:subfield code="g">5.</marc:subfield>
            <marc:subfield code="t">Observation: Symmetry and Posture /</marc:subfield>
            <marc:subfield code="r">Mike W. Ross --</marc:subfield>
            <marc:subfield code="g">6.</marc:subfield>
            <marc:subfield code="t">Palpation /</marc:subfield>
            <marc:subfield code="r">Mike W. Ross --</marc:subfield>
            <marc:subfield code="t">Churchill Hock Test /</marc:subfield>
            <marc:subfield code="r">Dan L. Hawkins --</marc:subfield>
            <marc:subfield code="t">Saphenous Filling Time /</marc:subfield>
            <marc:subfield code="r">Mike W. Ross --</marc:subfield>
            <marc:subfield code="g">7.</marc:subfield>
            <marc:subfield code="t">Movement /</marc:subfield>
            <marc:subfield code="r">Mike W. Ross --</marc:subfield>
            <marc:subfield code="g">8.</marc:subfield>
            <marc:subfield code="t">Manipulation /</marc:subfield>
            <marc:subfield code="r">Mike W. Ross --</marc:subfield>
            <marc:subfield code="g">9.</marc:subfield>
            <marc:subfield code="t">Applied Anatomy of the Musculoskeletal System /</marc:subfield>
            <marc:subfield code="r">Sue J. Dyson --</marc:subfield>
            <marc:subfield code="g">10.</marc:subfield>
            <marc:subfield code="t">Diagnostic Analgesia /</marc:subfield>
            <marc:subfield code="r">Mike W. Ross --</marc:subfield>
            <marc:subfield code="g">11.</marc:subfield>
            <marc:subfield code="t">Neurological Examination and Neurological Conditions Causing
                Gait Deficits /</marc:subfield>
            <marc:subfield code="r">Jill Beech --</marc:subfield>
            <marc:subfield code="g">12.</marc:subfield>
            <marc:subfield code="t">Unexplained Lameness /</marc:subfield>
            <marc:subfield code="r">Sue J. Dyson --</marc:subfield>
            <marc:subfield code="g">13.</marc:subfield>
            <marc:subfield code="t">Assessment of Acute-Onset, Severe Lameness /</marc:subfield>
            <marc:subfield code="r">Sue J. Dyson --</marc:subfield>
            <marc:subfield code="g">14.</marc:subfield>
            <marc:subfield code="t">Swollen Limb /</marc:subfield>
            <marc:subfield code="r">Sue J. Dyson --</marc:subfield>
            <marc:subfield code="g">Section 2</marc:subfield>
            <marc:subfield code="t">Diagnostic Imaging --</marc:subfield>
            <marc:subfield code="g">15.</marc:subfield>
            <marc:subfield code="t">Radiography and Radiology /</marc:subfield>
            <marc:subfield code="r">Sue J. Dyson --</marc:subfield>
            <marc:subfield code="g">16.</marc:subfield>
            <marc:subfield code="t">Ultrasonographic Evaluation of the Equine Limb: Technique
                /</marc:subfield>
            <marc:subfield code="r">Ronald L. Genovese --</marc:subfield>
            <marc:subfield code="g">17.</marc:subfield>
            <marc:subfield code="t">Ultrasonographic Examination of Joints /</marc:subfield>
            <marc:subfield code="r">Jean-Marie Denoix --</marc:subfield>
            <marc:subfield code="g">18.</marc:subfield>
            <marc:subfield code="t">Ultrasonography and Orthopedic (Nonarticular) Disease
                /</marc:subfield>
            <marc:subfield code="r">Virginia B. Reef --</marc:subfield>
            <marc:subfield code="g">19.</marc:subfield>
            <marc:subfield code="t">Nuclear Medicine /</marc:subfield>
            <marc:subfield code="r">Vivian S. Stacy --</marc:subfield>
            <marc:subfield code="g">20.</marc:subfield>
            <marc:subfield code="t">Computed Tomography /</marc:subfield>
            <marc:subfield code="r">Sarah M. Puchalski --</marc:subfield>
            <marc:subfield code="g">21.</marc:subfield>
            <marc:subfield code="t">Magnetic Resonance Imaging /</marc:subfield>
            <marc:subfield code="r">Sue J. Dyson --</marc:subfield>
            <marc:subfield code="g">22.</marc:subfield>
            <marc:subfield code="t">Gait Analysis for the Quantification of Lameness
                /</marc:subfield>
            <marc:subfield code="r">Kevin G. Keegan --</marc:subfield>
            <marc:subfield code="g">23.</marc:subfield>
            <marc:subfield code="t">Arthroscopic Examination /</marc:subfield>
            <marc:subfield code="r">Mike W. Ross --</marc:subfield>
            <marc:subfield code="g">24.</marc:subfield>
            <marc:subfield code="t">Tenoscopy and Bursoscopy /</marc:subfield>
            <marc:subfield code="r">Eddy R. J. Cauvin --</marc:subfield>
            <marc:subfield code="g">25.</marc:subfield>
            <marc:subfield code="t">Thermography: Use in Equine Lameness /</marc:subfield>
            <marc:subfield code="r">Andrew P. Bathe --</marc:subfield>
            <marc:subfield code="g">pt. II</marc:subfield>
            <marc:subfield code="t">FOOT --</marc:subfield>
            <marc:subfield code="g">26.</marc:subfield>
            <marc:subfield code="t">Biomechanics of the Equine Limb and Its Effect on Lameness
                /</marc:subfield>
            <marc:subfield code="r">Renate Weller --</marc:subfield>
            <marc:subfield code="g">27.</marc:subfield>
            <marc:subfield code="t">Foot and Shoeing --</marc:subfield>
            <marc:subfield code="t">Foot Balance, Conformation, and Lameness /</marc:subfield>
            <marc:subfield code="r">Andrew H. Parks --</marc:subfield>
            <marc:subfield code="t">Horseshoes and Shoeing /</marc:subfield>
            <marc:subfield code="r">Andrew H. Parks</marc:subfield>
        </marc:datafield>
        <marc:datafield tag="505" ind1="0" ind2="0">
            <marc:subfield code="a">Note continued:</marc:subfield>
            <marc:subfield code="t">Natural Balance Trimming and Shoeing /</marc:subfield>
            <marc:subfield code="r">Gene Ovnicek --</marc:subfield>
            <marc:subfield code="t">Hoof Reconstruction Materials and Glue-On Shoes
                /</marc:subfield>
            <marc:subfield code="r">Patrick T. Reilly --</marc:subfield>
            <marc:subfield code="g">28.</marc:subfield>
            <marc:subfield code="t">Trauma to the Sole and Wall /</marc:subfield>
            <marc:subfield code="r">G. Kent Carter --</marc:subfield>
            <marc:subfield code="t">Penetrating Wounds to the Navicular Bursa (Bursa
                Podotrochlearis), Infectious (Septic) Navicular Bursitis, &quot;Streetnail,&quot;
                /</marc:subfield>
            <marc:subfield code="r">Sue J. Dyson --</marc:subfield>
            <marc:subfield code="t">Canker /</marc:subfield>
            <marc:subfield code="r">Sue J. Dyson --</marc:subfield>
            <marc:subfield code="g">29.</marc:subfield>
            <marc:subfield code="t">Functional Anatomy of the Palmar Aspect of the Foot
                /</marc:subfield>
            <marc:subfield code="r">Robert M. Bowker --</marc:subfield>
            <marc:subfield code="g">30.</marc:subfield>
            <marc:subfield code="t">Navicular Disease /</marc:subfield>
            <marc:subfield code="r">Sue J. Dyson --</marc:subfield>
            <marc:subfield code="g">31.</marc:subfield>
            <marc:subfield code="t">Fracture of the Navicular Bone and Congenital Bipartite
                Navicular Bone /</marc:subfield>
            <marc:subfield code="r">Sue J. Dyson --</marc:subfield>
            <marc:subfield code="g">32.</marc:subfield>
            <marc:subfield code="t">Primary Lesions of the Deep Digital Flexor Tendon within the
                Hoof Capsule /</marc:subfield>
            <marc:subfield code="r">Sue J. Dyson --</marc:subfield>
            <marc:subfield code="g">33.</marc:subfield>
            <marc:subfield code="t">Distal Phalanx and Distal Interphalangeal Joint
                /</marc:subfield>
            <marc:subfield code="r">Sue J. Dyson --</marc:subfield>
            <marc:subfield code="g">34.</marc:subfield>
            <marc:subfield code="t">Laminitis --</marc:subfield>
            <marc:subfield code="t">Pathophysiology of Laminitis /</marc:subfield>
            <marc:subfield code="r">Christopher C. Pollitt --</marc:subfield>
            <marc:subfield code="t">Diagnosis of Laminitis /</marc:subfield>
            <marc:subfield code="r">Sue J. Dyson --</marc:subfield>
            <marc:subfield code="t">Medical Therapy of Laminitis /</marc:subfield>
            <marc:subfield code="r">Christopher C. Pollitt --</marc:subfield>
            <marc:subfield code="t">Chronic Laminitis /</marc:subfield>
            <marc:subfield code="r">Simon N. Collins --</marc:subfield>
            <marc:subfield code="t">Venography /</marc:subfield>
            <marc:subfield code="r">Greg Baldwin --</marc:subfield>
            <marc:subfield code="t">Hoof Care of a Laminitic Horse /</marc:subfield>
            <marc:subfield code="r">Frank A. Nickels --</marc:subfield>
            <marc:subfield code="t">Deep Digital Flexor Tenotomy for Managing Laminitis
                /</marc:subfield>
            <marc:subfield code="r">Robert J. Hunt --</marc:subfield>
            <marc:subfield code="t">Other Management Aspects of Laminitis /</marc:subfield>
            <marc:subfield code="r">Mike W. Ross --</marc:subfield>
            <marc:subfield code="g">pt. III</marc:subfield>
            <marc:subfield code="t">FORELIMB --</marc:subfield>
            <marc:subfield code="g">35.</marc:subfield>
            <marc:subfield code="t">Proximal and Middle Phalanges and Proximal Interphalangeal Joint
                /</marc:subfield>
            <marc:subfield code="r">Alan J. Ruggles --</marc:subfield>
            <marc:subfield code="g">36.</marc:subfield>
            <marc:subfield code="t">Metacarpophalangeal Joint /</marc:subfield>
            <marc:subfield code="r">Sue J. Dyson --</marc:subfield>
            <marc:subfield code="g">37.</marc:subfield>
            <marc:subfield code="t">Metacarpal Region /</marc:subfield>
            <marc:subfield code="r">Sue J. Dyson --</marc:subfield>
            <marc:subfield code="g">38.</marc:subfield>
            <marc:subfield code="t">Carpus /</marc:subfield>
            <marc:subfield code="r">Mike W. Ross --</marc:subfield>
            <marc:subfield code="g">39.</marc:subfield>
            <marc:subfield code="t">Antebrachium /</marc:subfield>
            <marc:subfield code="r">Mike W. Ross --</marc:subfield>
            <marc:subfield code="g">40.</marc:subfield>
            <marc:subfield code="t">Elbow, Brachium, and Shoulder /</marc:subfield>
            <marc:subfield code="r">Sue J. Dyson --</marc:subfield>
            <marc:subfield code="g">pt. IV</marc:subfield>
            <marc:subfield code="t">HINDLIMB --</marc:subfield>
            <marc:subfield code="g">41.</marc:subfield>
            <marc:subfield code="t">Hind Foot and Pastern /</marc:subfield>
            <marc:subfield code="r">Mike W. Ross --</marc:subfield>
            <marc:subfield code="g">42.</marc:subfield>
            <marc:subfield code="t">Metatarsophalangeal Joint /</marc:subfield>
            <marc:subfield code="r">Mike W. Ross --</marc:subfield>
            <marc:subfield code="g">43.</marc:subfield>
            <marc:subfield code="t">Metatarsal Region /</marc:subfield>
            <marc:subfield code="r">Mike W. Ross --</marc:subfield>
            <marc:subfield code="g">44.</marc:subfield>
            <marc:subfield code="t">Tarsus /</marc:subfield>
            <marc:subfield code="r">Mike W. Ross --</marc:subfield>
            <marc:subfield code="g">45.</marc:subfield>
            <marc:subfield code="t">Crus /</marc:subfield>
            <marc:subfield code="r">Mike W. Ross --</marc:subfield>
            <marc:subfield code="g">46.</marc:subfield>
            <marc:subfield code="t">Stifle /</marc:subfield>
            <marc:subfield code="r">John P. Walmsley --</marc:subfield>
            <marc:subfield code="g">47.</marc:subfield>
            <marc:subfield code="t">Thigh /</marc:subfield>
            <marc:subfield code="r">Mike W. Ross -- ^</marc:subfield>
            <marc:subfield code="t">Gluteal Syndrome /</marc:subfield>
            <marc:subfield code="r">Dan L. Hawkins --</marc:subfield>
            <marc:subfield code="t">Trochanteric Bursitis /</marc:subfield>
            <marc:subfield code="r">Dan L. Hawkins</marc:subfield>
        </marc:datafield>
        <marc:datafield tag="505" ind1="0" ind2="0">
            <marc:subfield code="a">Note continued:</marc:subfield>
            <marc:subfield code="g">48.</marc:subfield>
            <marc:subfield code="t">Mechanical and Neurological Lameness in the Forelimbs and
                Hindlimbs /</marc:subfield>
            <marc:subfield code="r">Mike W. Ross --</marc:subfield>
            <marc:subfield code="g">pt. V</marc:subfield>
            <marc:subfield code="t">AXIAL SKELETON --</marc:subfield>
            <marc:subfield code="g">49.</marc:subfield>
            <marc:subfield code="t">Diagnosis and Management of Pelvic Fractures in the Thoroughbred
                Racehorse /</marc:subfield>
            <marc:subfield code="r">Robert C. Pilsworth --</marc:subfield>
            <marc:subfield code="g">50.</marc:subfield>
            <marc:subfield code="t">Lumbosacral and Pelvic Injuries in Sports and Pleasure Horses
                /</marc:subfield>
            <marc:subfield code="r">Sue J. Dyson --</marc:subfield>
            <marc:subfield code="g">51.</marc:subfield>
            <marc:subfield code="t">Diagnosis and Management of Sacroiliac Joint Injuries
                /</marc:subfield>
            <marc:subfield code="r">Kevin K. Haussler --</marc:subfield>
            <marc:subfield code="g">52.</marc:subfield>
            <marc:subfield code="t">Thoracolumbar Spine /</marc:subfield>
            <marc:subfield code="r">Sue J. Dyson --</marc:subfield>
            <marc:subfield code="g">53.</marc:subfield>
            <marc:subfield code="t">Cervical Spine and Soft Tissues of the Neck /</marc:subfield>
            <marc:subfield code="r">Sue J. Dyson --</marc:subfield>
            <marc:subfield code="g">pt. VI</marc:subfield>
            <marc:subfield code="t">DEVELOPMENTAL ORTHOPEDIC DISEASE AND LAMENESS --</marc:subfield>
            <marc:subfield code="g">54.</marc:subfield>
            <marc:subfield code="t">Pathogenesis of Osteochondrosis /</marc:subfield>
            <marc:subfield code="r">Janet Douglas --</marc:subfield>
            <marc:subfield code="g">55.</marc:subfield>
            <marc:subfield code="t">Role of Nutrition in Developmental Orthopedic Disease:
                Nutritional Management /</marc:subfield>
            <marc:subfield code="r">Joe D. Pagan --</marc:subfield>
            <marc:subfield code="g">56.</marc:subfield>
            <marc:subfield code="t">Diagnosis and Management of Osteochondrosis and Osseous Cystlike
                Lesions /</marc:subfield>
            <marc:subfield code="r">Dean W. Richardson --</marc:subfield>
            <marc:subfield code="g">57.</marc:subfield>
            <marc:subfield code="t">Physitis /</marc:subfield>
            <marc:subfield code="r">David R. Ellis --</marc:subfield>
            <marc:subfield code="g">58.</marc:subfield>
            <marc:subfield code="t">Angular Limb Deformities /</marc:subfield>
            <marc:subfield code="r">Eric J. Parente --</marc:subfield>
            <marc:subfield code="t">Surgical Management /</marc:subfield>
            <marc:subfield code="r">Jose M. Garcia-Lopez --</marc:subfield>
            <marc:subfield code="g">59.</marc:subfield>
            <marc:subfield code="t">Flexural Limb Deformities in Foals /</marc:subfield>
            <marc:subfield code="r">Robert J. Hunt --</marc:subfield>
            <marc:subfield code="g">60.</marc:subfield>
            <marc:subfield code="t">Cervical Stenotic Myelopathy /</marc:subfield>
            <marc:subfield code="r">Richard J. Piercy --</marc:subfield>
            <marc:subfield code="g">pt. VII</marc:subfield>
            <marc:subfield code="t">ARTHRITIS --</marc:subfield>
            <marc:subfield code="g">61.</marc:subfield>
            <marc:subfield code="t">Osteoarthritis /</marc:subfield>
            <marc:subfield code="r">John P. Caron --</marc:subfield>
            <marc:subfield code="g">62.</marc:subfield>
            <marc:subfield code="t">Markers of Osteoarthritis: Implications for Early Diagnosis and
                Monitoring of the Pathological Course and Effects of Therapy /</marc:subfield>
            <marc:subfield code="r">David D. Frisbie --</marc:subfield>
            <marc:subfield code="g">63.</marc:subfield>
            <marc:subfield code="t">Gene Therapy /</marc:subfield>
            <marc:subfield code="r">David D. Frisbie --</marc:subfield>
            <marc:subfield code="g">64.</marc:subfield>
            <marc:subfield code="t">Models of Equine Joint Disease /</marc:subfield>
            <marc:subfield code="r">Chris E. Kawcak --</marc:subfield>
            <marc:subfield code="g">65.</marc:subfield>
            <marc:subfield code="t">Infectious Arthritis and Fungal Infectious Arthritis
                /</marc:subfield>
            <marc:subfield code="r">Jennifer M. Cohen --</marc:subfield>
            <marc:subfield code="t">Infectious Arthritis /</marc:subfield>
            <marc:subfield code="r">Alicia L. Bertone --</marc:subfield>
            <marc:subfield code="t">Fungal Infectious Arthritis /</marc:subfield>
            <marc:subfield code="r">Jennifer M. Cohen --</marc:subfield>
            <marc:subfield code="g">66.</marc:subfield>
            <marc:subfield code="t">Noninfectious Arthritis /</marc:subfield>
            <marc:subfield code="r">Alicia L. Bertone --</marc:subfield>
            <marc:subfield code="g">67.</marc:subfield>
            <marc:subfield code="t">Other Joint Conditions /</marc:subfield>
            <marc:subfield code="r">Chris E. Kawcak --</marc:subfield>
            <marc:subfield code="g">pt. VIII</marc:subfield>
            <marc:subfield code="t">SOFT TISSUES --</marc:subfield>
            <marc:subfield code="g">68.</marc:subfield>
            <marc:subfield code="t">Pathophysiology of Tendon Injury /</marc:subfield>
            <marc:subfield code="r">Roger K. W. Smith --</marc:subfield>
            <marc:subfield code="g">69.</marc:subfield>
            <marc:subfield code="t">Superficial Digital Flexor Tendonitis /</marc:subfield>
            <marc:subfield code="r">Joan S. Jorgensen --</marc:subfield>
            <marc:subfield code="t">Superficial Digital Flexor Tendonitis in Racehorses
                /</marc:subfield>
            <marc:subfield code="r">Mike W. Ross</marc:subfield>
        </marc:datafield>
        <marc:datafield tag="505" ind1="0" ind2="0">
            <marc:subfield code="a">Note continued:</marc:subfield>
            <marc:subfield code="t">Surgical Management of Superficial Digital Flexor Tendonitis
                /</marc:subfield>
            <marc:subfield code="r">Mike W. Ross --</marc:subfield>
            <marc:subfield code="t">Superficial Digital Flexor Tendonitis in Event Horses, Show
                Jumpers, Dressage Horses, and Pleasure Horses /</marc:subfield>
            <marc:subfield code="r">Sue J. Dyson --</marc:subfield>
            <marc:subfield code="g">70.</marc:subfield>
            <marc:subfield code="t">Deep Digital Flexor Tendon /</marc:subfield>
            <marc:subfield code="r">Sue J. Dyson --</marc:subfield>
            <marc:subfield code="g">71.</marc:subfield>
            <marc:subfield code="t">Injuries of the Accessory Ligament of the Deep Digital Flexor
                Tendon /</marc:subfield>
            <marc:subfield code="r">Sue J. Dyson --</marc:subfield>
            <marc:subfield code="g">72.</marc:subfield>
            <marc:subfield code="t">Suspensory Apparatus /</marc:subfield>
            <marc:subfield code="r">Ronald L. Genovese --</marc:subfield>
            <marc:subfield code="g">73.</marc:subfield>
            <marc:subfield code="t">Clinical Use of Stem Cells, Marrow Components, and Other Growth
                Factors /</marc:subfield>
            <marc:subfield code="r">Lisa Fortier --</marc:subfield>
            <marc:subfield code="g">74.</marc:subfield>
            <marc:subfield code="t">Diseases of the Digital Flexor Tendon Sheath, Palmar Annular
                Ligament, and Digital Annular Ligaments /</marc:subfield>
            <marc:subfield code="r">Roger K.W. Smith --</marc:subfield>
            <marc:subfield code="g">75.</marc:subfield>
            <marc:subfield code="t">Carpal Canal and Carpal Synovial Sheath /</marc:subfield>
            <marc:subfield code="r">Sue J. Dyson --</marc:subfield>
            <marc:subfield code="g">76.</marc:subfield>
            <marc:subfield code="t">Tarsal Sheath /</marc:subfield>
            <marc:subfield code="r">Eddy R.J. Cauvin --</marc:subfield>
            <marc:subfield code="g">77.</marc:subfield>
            <marc:subfield code="t">Extensor Tendon Injury /</marc:subfield>
            <marc:subfield code="r">Michael C. Schramme --</marc:subfield>
            <marc:subfield code="g">78.</marc:subfield>
            <marc:subfield code="t">Curb /</marc:subfield>
            <marc:subfield code="r">Ronald L. Genovese --</marc:subfield>
            <marc:subfield code="g">79.</marc:subfield>
            <marc:subfield code="t">Bursae and Other Soft Tissue Swellings /</marc:subfield>
            <marc:subfield code="r">Sue J. Dyson --</marc:subfield>
            <marc:subfield code="g">80.</marc:subfield>
            <marc:subfield code="t">Other Soft Tissue Injuries /</marc:subfield>
            <marc:subfield code="r">Sue J. Dyson --</marc:subfield>
            <marc:subfield code="g">81.</marc:subfield>
            <marc:subfield code="t">Tendon Lacerations /</marc:subfield>
            <marc:subfield code="r">Alicia L. Bertone --</marc:subfield>
            <marc:subfield code="g">82.</marc:subfield>
            <marc:subfield code="t">Soft Tissue Injuries of the Pastern /</marc:subfield>
            <marc:subfield code="r">Ronald L. Genovese --</marc:subfield>
            <marc:subfield code="g">83.</marc:subfield>
            <marc:subfield code="t">Skeletal Muscle and Lameness /</marc:subfield>
            <marc:subfield code="r">Sue J. Dyson --</marc:subfield>
            <marc:subfield code="t">Nutritional Myopathies /</marc:subfield>
            <marc:subfield code="r">Stephanie J. Valberg --</marc:subfield>
            <marc:subfield code="t">Hyperkalemic Periodic Paralysis /</marc:subfield>
            <marc:subfield code="r">Sharon J. Spier --</marc:subfield>
            <marc:subfield code="g">pt. IX</marc:subfield>
            <marc:subfield code="t">THERAPEUTICS --</marc:subfield>
            <marc:subfield code="g">Section 1</marc:subfield>
            <marc:subfield code="t">Traditional Therapy --</marc:subfield>
            <marc:subfield code="g">84.</marc:subfield>
            <marc:subfield code="t">Principles and Practices of Joint Disease Treatment
                /</marc:subfield>
            <marc:subfield code="r">C. Wayne Mcllwraith --</marc:subfield>
            <marc:subfield code="g">85.</marc:subfield>
            <marc:subfield code="t">Analgesia and Hindlimb Lameness /</marc:subfield>
            <marc:subfield code="r">Rose M. McMurphy --</marc:subfield>
            <marc:subfield code="g">86.</marc:subfield>
            <marc:subfield code="t">Bandaging, Splinting, and Casting /</marc:subfield>
            <marc:subfield code="r">Sue J. Dyson --</marc:subfield>
            <marc:subfield code="g">87.</marc:subfield>
            <marc:subfield code="t">External Skeletal Fixation /</marc:subfield>
            <marc:subfield code="r">David M. Nunamaker --</marc:subfield>
            <marc:subfield code="g">88.</marc:subfield>
            <marc:subfield code="t">Counterirritation /</marc:subfield>
            <marc:subfield code="r">Stephen P. Dey III --</marc:subfield>
            <marc:subfield code="g">89.</marc:subfield>
            <marc:subfield code="t">Cryotherapy /</marc:subfield>
            <marc:subfield code="r">Thomas P.S. Oliver --</marc:subfield>
            <marc:subfield code="g">90.</marc:subfield>
            <marc:subfield code="t">Radiation Therapy /</marc:subfield>
            <marc:subfield code="r">Alain P. Theon --</marc:subfield>
            <marc:subfield code="g">91.</marc:subfield>
            <marc:subfield code="t">Rest and Rehabilitation /</marc:subfield>
            <marc:subfield code="r">Barrie D. Grant --</marc:subfield>
            <marc:subfield code="g">Section 2</marc:subfield>
            <marc:subfield code="t">Complementary (Nontraditional) Therapy --</marc:subfield>
            <marc:subfield code="g">92.</marc:subfield>
            <marc:subfield code="t">Acupuncture -- ^</marc:subfield>
            <marc:subfield code="t">Equine Acupuncture for Lameness Diagnosis and Treatment
                /</marc:subfield>
            <marc:subfield code="r">Allen M. Schoen</marc:subfield>
        </marc:datafield>
        <marc:datafield tag="505" ind1="0" ind2="0">
            <marc:subfield code="a">Note continued:</marc:subfield>
            <marc:subfield code="t">Acupuncture Channel Palpation and Equine Musculoskeletal Pain
                /</marc:subfield>
            <marc:subfield code="r">William H. McCormick --</marc:subfield>
            <marc:subfield code="g">93.</marc:subfield>
            <marc:subfield code="t">Chiropractic Evaluation and Management of Musculoskeletal
                Disorders /</marc:subfield>
            <marc:subfield code="r">Kevin K. Houssler --</marc:subfield>
            <marc:subfield code="g">94.</marc:subfield>
            <marc:subfield code="t">Electrophysical Agents in Physiotherapy /</marc:subfield>
            <marc:subfield code="r">Tim Watson --</marc:subfield>
            <marc:subfield code="g">95.</marc:subfield>
            <marc:subfield code="t">Osteopathic Treatment of the Axial Skeleton of the Horse
                /</marc:subfield>
            <marc:subfield code="r">Julia Brooks --</marc:subfield>
            <marc:subfield code="g">96.</marc:subfield>
            <marc:subfield code="t">Shock Wave Therapy /</marc:subfield>
            <marc:subfield code="r">Scott R. McClure --</marc:subfield>
            <marc:subfield code="g">pt. X</marc:subfield>
            <marc:subfield code="t">LAMENESS IN THE SPORTS HORSE --</marc:subfield>
            <marc:subfield code="g">Section 1</marc:subfield>
            <marc:subfield code="t">Poor Performance --</marc:subfield>
            <marc:subfield code="g">97.</marc:subfield>
            <marc:subfield code="t">Poor Performance and Lameness /</marc:subfield>
            <marc:subfield code="r">Sue J. Dyson --</marc:subfield>
            <marc:subfield code="g">98.</marc:subfield>
            <marc:subfield code="t">Experiences Using a High-Speed Treadmill to Evaluate Lameness
                /</marc:subfield>
            <marc:subfield code="r">Mike W. Ross --</marc:subfield>
            <marc:subfield code="g">Section 2</marc:subfield>
            <marc:subfield code="t">Racehorse --</marc:subfield>
            <marc:subfield code="g">99.</marc:subfield>
            <marc:subfield code="t">Sales Yearling --</marc:subfield>
            <marc:subfield code="t">Purchase Examination of a Thoroughbred Sales Yearling in North
                America /</marc:subfield>
            <marc:subfield code="r">Mark W. Cheney --</marc:subfield>
            <marc:subfield code="t">Purchase Examination of a Thoroughbred Sales Yearling in Europe
                /</marc:subfield>
            <marc:subfield code="r">David R. Ellis --</marc:subfield>
            <marc:subfield code="t">North American Standardbred Sales Yearling /</marc:subfield>
            <marc:subfield code="r">Mike W. Ross --</marc:subfield>
            <marc:subfield code="g">100.</marc:subfield>
            <marc:subfield code="t">Pathophysiology and Clinical Diagnosis of Cortical and
                Subchondral Bone Injury /</marc:subfield>
            <marc:subfield code="r">Elizabeth J. Davidson --</marc:subfield>
            <marc:subfield code="g">101.</marc:subfield>
            <marc:subfield code="t">Bone Biomakers /</marc:subfield>
            <marc:subfield code="r">Joanna Price --</marc:subfield>
            <marc:subfield code="g">102.</marc:subfield>
            <marc:subfield code="t">Bucked-Shin Complex --</marc:subfield>
            <marc:subfield code="t">Etiology, Pathogenesis, and Conservative Management
                /</marc:subfield>
            <marc:subfield code="r">David M. Nunamaker --</marc:subfield>
            <marc:subfield code="t">Stress Fractures of the Third Metacarpal Bone: Surgical
                Management /</marc:subfield>
            <marc:subfield code="r">Alan J. Ruggles --</marc:subfield>
            <marc:subfield code="g">103.</marc:subfield>
            <marc:subfield code="t">On-the-Track Catastrophes in the Thoroughbred Racehorse
                /</marc:subfield>
            <marc:subfield code="r">W. Theodore Hill --</marc:subfield>
            <marc:subfield code="g">104.</marc:subfield>
            <marc:subfield code="t">Catastrophic Injuries /</marc:subfield>
            <marc:subfield code="r">Dean W. Richardson --</marc:subfield>
            <marc:subfield code="g">105.</marc:subfield>
            <marc:subfield code="t">Track Surfaces and Lameness: Epidemiological Aspects of
                Racehorse Injury /</marc:subfield>
            <marc:subfield code="r">Tim D. H. Parkin --</marc:subfield>
            <marc:subfield code="g">106.</marc:subfield>
            <marc:subfield code="t">North American Thoroughbred /</marc:subfield>
            <marc:subfield code="r">Mark W. Cheney --</marc:subfield>
            <marc:subfield code="g">107.</marc:subfield>
            <marc:subfield code="t">European Thoroughbred /</marc:subfield>
            <marc:subfield code="r">Robert C. Pilsworth --</marc:subfield>
            <marc:subfield code="g">108.</marc:subfield>
            <marc:subfield code="t">North American Standardbred /</marc:subfield>
            <marc:subfield code="r">Mike W. Ross --</marc:subfield>
            <marc:subfield code="g">109.</marc:subfield>
            <marc:subfield code="t">European and Australasian Standardbreds --</marc:subfield>
            <marc:subfield code="t">European Standardbred /</marc:subfield>
            <marc:subfield code="r">Fabio Torre --</marc:subfield>
            <marc:subfield code="t">Australasian Standardbred /</marc:subfield>
            <marc:subfield code="r">R. Chris Whitton --</marc:subfield>
            <marc:subfield code="g">110.</marc:subfield>
            <marc:subfield code="t">Racing Quarter Horse /</marc:subfield>
            <marc:subfield code="r">Nancy L. Goodman -- ^</marc:subfield>
            <marc:subfield code="g">111.</marc:subfield>
            <marc:subfield code="t">Lamness in the Arabian Racehorse: Middle East and North America
                /</marc:subfield>
            <marc:subfield code="r">Mark C. Rick</marc:subfield>
        </marc:datafield>
        <marc:datafield tag="505" ind1="0" ind2="0">
            <marc:subfield code="a">Note continued:</marc:subfield>
            <marc:subfield code="g">112.</marc:subfield>
            <marc:subfield code="t">National Hunt Racehorse, Point to Point Horse, and Timber Racing
                Horse /</marc:subfield>
            <marc:subfield code="r">Anthony Stirk --</marc:subfield>
            <marc:subfield code="g">113.</marc:subfield>
            <marc:subfield code="t">Finnish Horse and Other Scandinavian Cold-Blooded Trotters
                /</marc:subfield>
            <marc:subfield code="r">Jukka Houttu --</marc:subfield>
            <marc:subfield code="g">Section 3</marc:subfield>
            <marc:subfield code="t">Nonracing Sports Horses --</marc:subfield>
            <marc:subfield code="g">114.</marc:subfield>
            <marc:subfield code="t">Prepurchase Examination of the Performance Horse
                /</marc:subfield>
            <marc:subfield code="r">Sue J. Dyson --</marc:subfield>
            <marc:subfield code="g">115.</marc:subfield>
            <marc:subfield code="t">Lameness in the Show Hunter and Show Jumper /</marc:subfield>
            <marc:subfield code="r">Sue J. Dyson --</marc:subfield>
            <marc:subfield code="g">116.</marc:subfield>
            <marc:subfield code="t">Lameness in the Dressage Horse /</marc:subfield>
            <marc:subfield code="r">Sue J. Dyson --</marc:subfield>
            <marc:subfield code="g">117.</marc:subfield>
            <marc:subfield code="t">Lameness in teh Three Day Event Horse /</marc:subfield>
            <marc:subfield code="r">Andrew P. Bathe --</marc:subfield>
            <marc:subfield code="g">118.</marc:subfield>
            <marc:subfield code="t">Lameness in Endrurance Horses /</marc:subfield>
            <marc:subfield code="r">Martha M. Misheff --</marc:subfield>
            <marc:subfield code="g">119.</marc:subfield>
            <marc:subfield code="t">Lameness in the Polo Pony /</marc:subfield>
            <marc:subfield code="r">Mike W. Ross --</marc:subfield>
            <marc:subfield code="g">120.</marc:subfield>
            <marc:subfield code="t">Western Performance Horse --</marc:subfield>
            <marc:subfield code="t">Cutting Horse /</marc:subfield>
            <marc:subfield code="r">Robin M. Dabareiner --</marc:subfield>
            <marc:subfield code="t">Roping Horse /</marc:subfield>
            <marc:subfield code="r">Robin M. Dabareiner --</marc:subfield>
            <marc:subfield code="t">Reined Cow Horse /</marc:subfield>
            <marc:subfield code="r">Van E. Snow --</marc:subfield>
            <marc:subfield code="t">Barrel-Racing Horses /</marc:subfield>
            <marc:subfield code="r">Robin M. Dabareiner --</marc:subfield>
            <marc:subfield code="t">European Western Performance Horse /</marc:subfield>
            <marc:subfield code="r">Franco Ferrero --</marc:subfield>
            <marc:subfield code="g">121.</marc:subfield>
            <marc:subfield code="t">Walking Horses /</marc:subfield>
            <marc:subfield code="r">James C. Sternberg --</marc:subfield>
            <marc:subfield code="g">122.</marc:subfield>
            <marc:subfield code="t">Lameness in the American Saddlebred and other Trotting Breeds
                with Collection /</marc:subfield>
            <marc:subfield code="r">Scott D. Bennett --</marc:subfield>
            <marc:subfield code="g">123.</marc:subfield>
            <marc:subfield code="t">Lameness in the Arabian and Half-Arabian Show Horse
                /</marc:subfield>
            <marc:subfield code="r">Bradley S. Root --</marc:subfield>
            <marc:subfield code="g">124.</marc:subfield>
            <marc:subfield code="t">Lameness in the Driving Horse /</marc:subfield>
            <marc:subfield code="r">Graham Munroe --</marc:subfield>
            <marc:subfield code="g">125.</marc:subfield>
            <marc:subfield code="t">Lameness in Draft Horses /</marc:subfield>
            <marc:subfield code="r">Dallas O. Goble --</marc:subfield>
            <marc:subfield code="g">126.</marc:subfield>
            <marc:subfield code="t">Lameness in the Pony /</marc:subfield>
            <marc:subfield code="r">Andrew M. McDiarmid --</marc:subfield>
            <marc:subfield code="g">127.</marc:subfield>
            <marc:subfield code="t">Lameness in Breeding Stallions and Broodmares /</marc:subfield>
            <marc:subfield code="r">Sue M. McDonnell --</marc:subfield>
            <marc:subfield code="g">128.</marc:subfield>
            <marc:subfield code="t">Lameness in Foals /</marc:subfield>
            <marc:subfield code="r">Robert J. Hunt.</marc:subfield>
        </marc:datafield>
        <marc:datafield tag="591" ind1=" " ind2=" ">
            <marc:subfield code="b">NAL Reclamation</marc:subfield>
        </marc:datafield>
        <marc:datafield tag="650" ind1=" " ind2="0">
            <marc:subfield code="a">Lameness in horses.</marc:subfield>
            <marc:subfield code="0"
                >http://id.loc.gov/authorities/subjects/sh85074192</marc:subfield>
        </marc:datafield>
        <marc:datafield tag="650" ind1="1" ind2="2">
            <marc:subfield code="a">Horse Diseases.</marc:subfield>
        </marc:datafield>
        <marc:datafield tag="650" ind1="1" ind2="2">
            <marc:subfield code="a">Lameness, Animal.</marc:subfield>
        </marc:datafield>
        <marc:datafield tag="650" ind1="2" ind2="2">
            <marc:subfield code="a">Horses</marc:subfield>
            <marc:subfield code="x">injuries.</marc:subfield>
        </marc:datafield>
        <marc:datafield tag="650" ind1=" " ind2="3">
            <marc:subfield code="a">horse diseases.</marc:subfield>
        </marc:datafield>
        <marc:datafield tag="650" ind1=" " ind2="3">
            <marc:subfield code="a">horses.</marc:subfield>
        </marc:datafield>
        <marc:datafield tag="700" ind1="1" ind2=" ">
            <marc:subfield code="a">Ross, Mike W.</marc:subfield>
        </marc:datafield>
        <marc:datafield tag="700" ind1="1" ind2=" ">
            <marc:subfield code="a">Dyson, Sue J.</marc:subfield>
        </marc:datafield>
        <marc:datafield tag="912" ind1=" " ind2=" ">
            <marc:subfield code="a">nalcatalog</marc:subfield>
        </marc:datafield>
        <marc:datafield tag="930" ind1=" " ind2=" ">
            <marc:subfield code="a">20110315</marc:subfield>
            <marc:subfield code="b">20110402</marc:subfield>
            <marc:subfield code="c">00000000</marc:subfield>
        </marc:datafield>
        <marc:datafield tag="938" ind1=" " ind2=" ">
            <marc:subfield code="a">Baker and Taylor</marc:subfield>
            <marc:subfield code="b">BTCP</marc:subfield>
            <marc:subfield code="n">BK0008943913</marc:subfield>
        </marc:datafield>
        <marc:datafield tag="938" ind1=" " ind2=" ">
            <marc:subfield code="a">Coutts Information Services</marc:subfield>
            <marc:subfield code="b">COUT</marc:subfield>
            <marc:subfield code="n">13108945</marc:subfield>
        </marc:datafield>
        <marc:datafield tag="938" ind1=" " ind2=" ">
            <marc:subfield code="a">Ingram</marc:subfield>
            <marc:subfield code="b">INGR</marc:subfield>
            <marc:subfield code="n">9781416060697</marc:subfield>
        </marc:datafield>
        <marc:datafield tag="938" ind1=" " ind2=" ">
            <marc:subfield code="a">YBP Library Services</marc:subfield>
            <marc:subfield code="b">YANK</marc:subfield>
            <marc:subfield code="n">3439708</marc:subfield>
        </marc:datafield>
        <marc:datafield tag="946" ind1=" " ind2=" ">
            <marc:subfield code="a">Other US</marc:subfield>
        </marc:datafield>
        <marc:datafield tag="958" ind1=" " ind2=" ">
            <marc:subfield code="b">e</marc:subfield>
            <marc:subfield code="c">2011/03/15</marc:subfield>
            <marc:subfield code="d">c</marc:subfield>
            <marc:subfield code="e">arojas</marc:subfield>
        </marc:datafield>
        <marc:datafield tag="994" ind1=" " ind2=" ">
            <marc:subfield code="a">92</marc:subfield>
            <marc:subfield code="b">AGL</marc:subfield>
        </marc:datafield>
    </marc:record>