
    <marc:record>
        <marc:leader>01666cam a2200409Ia 4500</marc:leader>
        <marc:controlfield tag="001">9915544809407426</marc:controlfield>
        <marc:controlfield tag="005">20221102205102.0</marc:controlfield>
        <marc:controlfield tag="008">910604s1898 mdu s000 0 eng d</marc:controlfield>
        <marc:datafield tag="016" ind1="7" ind2=" ">
            <marc:subfield code="a">CAT91254754</marc:subfield>
            <marc:subfield code="2">DNAL</marc:subfield>
        </marc:datafield>
        <marc:datafield tag="035" ind1=" " ind2=" ">
            <marc:subfield code="a">492167</marc:subfield>
        </marc:datafield>
        <marc:datafield tag="035" ind1=" " ind2=" ">
            <marc:subfield code="a">(OCoLC)23127878</marc:subfield>
        </marc:datafield>
        <marc:datafield tag="035" ind1=" " ind2=" ">
            <marc:subfield code="a">(DNAL)492167-naldb-Voyager</marc:subfield>
        </marc:datafield>
        <marc:datafield tag="040" ind1=" " ind2=" ">
            <marc:subfield code="a">RQF</marc:subfield>
            <marc:subfield code="b">eng</marc:subfield>
            <marc:subfield code="c">RQF</marc:subfield>
            <marc:subfield code="d">AGL</marc:subfield>
            <marc:subfield code="d">OCLCQ</marc:subfield>
            <marc:subfield code="d">OCLCF</marc:subfield>
            <marc:subfield code="d">OCLCQ</marc:subfield>
            <marc:subfield code="d">OCLCO</marc:subfield>
            <marc:subfield code="d">OCLCA</marc:subfield>
        </marc:datafield>
        <marc:datafield tag="043" ind1=" " ind2=" ">
            <marc:subfield code="a">n-us-md</marc:subfield>
        </marc:datafield>
        <marc:datafield tag="049" ind1=" " ind2=" ">
            <marc:subfield code="a">AGLY</marc:subfield>
        </marc:datafield>
        <marc:datafield tag="070" ind1="0" ind2=" ">
            <marc:subfield code="a">100</marc:subfield>
            <marc:subfield code="b">M36S no.53</marc:subfield>
        </marc:datafield>
        <marc:datafield tag="072" ind1=" " ind2=" ">
            <marc:subfield code="a">L830</marc:subfield>
        </marc:datafield>
        <marc:datafield tag="100" ind1="1" ind2=" ">
            <marc:subfield code="a">Buckley, S. S.</marc:subfield>
            <marc:subfield code="q">(Samuel Sutherland),</marc:subfield>
            <marc:subfield code="d">1873-</marc:subfield>
            <marc:subfield code="0">http://id.loc.gov/authorities/names/no2008021132</marc:subfield>
        </marc:datafield>
        <marc:datafield tag="245" ind1="1" ind2="0">
            <marc:subfield code="a">Special investigation of the so-called &quot;new&quot; horse
                disease in Maryland /</marc:subfield>
            <marc:subfield code="c">[by Samuel S. Buckley].</marc:subfield>
        </marc:datafield>
        <marc:datafield tag="260" ind1=" " ind2=" ">
            <marc:subfield code="a">College Park :</marc:subfield>
            <marc:subfield code="b">Maryland Agricultural Experiment Station,</marc:subfield>
            <marc:subfield code="c">1898.</marc:subfield>
        </marc:datafield>
        <marc:datafield tag="300" ind1=" " ind2=" ">
            <marc:subfield code="a">pages [109]-114 ;</marc:subfield>
            <marc:subfield code="c">23 cm.</marc:subfield>
        </marc:datafield>
        <marc:datafield tag="336" ind1=" " ind2=" ">
            <marc:subfield code="a">text</marc:subfield>
            <marc:subfield code="b">txt</marc:subfield>
            <marc:subfield code="2">rdacontent</marc:subfield>
        </marc:datafield>
        <marc:datafield tag="337" ind1=" " ind2=" ">
            <marc:subfield code="a">unmediated</marc:subfield>
            <marc:subfield code="b">n</marc:subfield>
            <marc:subfield code="2">rdamedia</marc:subfield>
        </marc:datafield>
        <marc:datafield tag="338" ind1=" " ind2=" ">
            <marc:subfield code="a">volume</marc:subfield>
            <marc:subfield code="b">nc</marc:subfield>
            <marc:subfield code="2">rdacarrier</marc:subfield>
        </marc:datafield>
        <marc:datafield tag="490" ind1="1" ind2=" ">
            <marc:subfield code="a">Bulletin / Maryland Agricultural Experiment Station
                ;</marc:subfield>
            <marc:subfield code="v">no. 53</marc:subfield>
        </marc:datafield>
        <marc:datafield tag="591" ind1=" " ind2=" ">
            <marc:subfield code="b">NAL Reclamation</marc:subfield>
        </marc:datafield>
        <marc:datafield tag="650" ind1=" " ind2="0">
            <marc:subfield code="a">Horses</marc:subfield>
            <marc:subfield code="x">Diseases</marc:subfield>
            <marc:subfield code="z">Maryland.</marc:subfield>
        </marc:datafield>
        <marc:datafield tag="651" ind1=" " ind2="7">
            <marc:subfield code="a">Maryland.</marc:subfield>
            <marc:subfield code="2">fast</marc:subfield>
            <marc:subfield code="0">(OCoLC)fst01204739</marc:subfield>
        </marc:datafield>
        <marc:datafield tag="776" ind1="0" ind2="8">
            <marc:subfield code="i">Online version:</marc:subfield>
            <marc:subfield code="a">Buckley, S.S. (Samuel Sutherland), 1873-</marc:subfield>
            <marc:subfield code="t">Special investigation of the so-called &quot;new&quot; horse
                disease in Maryland.</marc:subfield>
            <marc:subfield code="d">College Park : Maryland Agricultural Experiment Station,
                1898</marc:subfield>
            <marc:subfield code="w">(OCoLC)768073884</marc:subfield>
        </marc:datafield>
        <marc:datafield tag="830" ind1=" " ind2="0">
            <marc:subfield code="a">Bulletin (Maryland Agricultural Experiment Station)
                ;</marc:subfield>
            <marc:subfield code="v">no. 53.</marc:subfield>
        </marc:datafield>
        <marc:datafield tag="841" ind1=" " ind2=" ">
            <marc:subfield code="a">x </marc:subfield>
            <marc:subfield code="b">9105080u 0 4 uu 1910508</marc:subfield>
            <marc:subfield code="e">z</marc:subfield>
        </marc:datafield>
        <marc:datafield tag="852" ind1=" " ind2=" ">
            <marc:subfield code="a">DNAL</marc:subfield>
            <marc:subfield code="i">100 M36S no.53</marc:subfield>
        </marc:datafield>
        <marc:datafield tag="912" ind1=" " ind2=" ">
            <marc:subfield code="a">nalcatalog</marc:subfield>
        </marc:datafield>
        <marc:datafield tag="930" ind1=" " ind2=" ">
            <marc:subfield code="a">00000000</marc:subfield>
            <marc:subfield code="b">00000000</marc:subfield>
            <marc:subfield code="c">00000000</marc:subfield>
        </marc:datafield>
        <marc:datafield tag="945" ind1=" " ind2=" ">
            <marc:subfield code="a">UIU</marc:subfield>
        </marc:datafield>
        <marc:datafield tag="946" ind1=" " ind2=" ">
            <marc:subfield code="a">State experiment station</marc:subfield>
        </marc:datafield>
        <marc:datafield tag="994" ind1=" " ind2=" ">
            <marc:subfield code="a">92</marc:subfield>
            <marc:subfield code="b">AGL</marc:subfield>
        </marc:datafield>
    </marc:record>