
    <marc:record>
        <marc:leader>05210cam a2200601 i 4500</marc:leader>
        <marc:controlfield tag="001">9915550767007426</marc:controlfield>
        <marc:controlfield tag="005">20221102195322.0</marc:controlfield>
        <marc:controlfield tag="008">140212s2014 flua b 001 0 eng </marc:controlfield>
        <marc:datafield tag="010" ind1=" " ind2=" ">
            <marc:subfield code="a"> 2014006005</marc:subfield>
        </marc:datafield>
        <marc:datafield tag="015" ind1=" " ind2=" ">
            <marc:subfield code="a">GBB495053</marc:subfield>
            <marc:subfield code="2">bnb</marc:subfield>
        </marc:datafield>
        <marc:datafield tag="016" ind1="7" ind2=" ">
            <marc:subfield code="a">CAT31314856</marc:subfield>
            <marc:subfield code="2">DNAL</marc:subfield>
        </marc:datafield>
        <marc:datafield tag="016" ind1="7" ind2=" ">
            <marc:subfield code="a">101625772</marc:subfield>
            <marc:subfield code="2">DNLM</marc:subfield>
        </marc:datafield>
        <marc:datafield tag="016" ind1="7" ind2=" ">
            <marc:subfield code="a">016857896</marc:subfield>
            <marc:subfield code="2">Uk</marc:subfield>
        </marc:datafield>
        <marc:datafield tag="019" ind1=" " ind2=" ">
            <marc:subfield code="a">856567305</marc:subfield>
            <marc:subfield code="a">856974396</marc:subfield>
            <marc:subfield code="a">1107194990</marc:subfield>
        </marc:datafield>
        <marc:datafield tag="020" ind1=" " ind2=" ">
            <marc:subfield code="a">9781482221916</marc:subfield>
            <marc:subfield code="q">(hbk. ;</marc:subfield>
            <marc:subfield code="q">alk. paper)</marc:subfield>
        </marc:datafield>
        <marc:datafield tag="020" ind1=" " ind2=" ">
            <marc:subfield code="a">1482221918</marc:subfield>
            <marc:subfield code="q">(hbk. ;</marc:subfield>
            <marc:subfield code="q">alk. paper)</marc:subfield>
        </marc:datafield>
        <marc:datafield tag="020" ind1=" " ind2=" ">
            <marc:subfield code="z">9781482221923 (PDF ebook)</marc:subfield>
        </marc:datafield>
        <marc:datafield tag="035" ind1=" " ind2=" ">
            <marc:subfield code="a">1314856</marc:subfield>
        </marc:datafield>
        <marc:datafield tag="035" ind1=" " ind2=" ">
            <marc:subfield code="a">(OCoLC)870890287</marc:subfield>
            <marc:subfield code="z">(OCoLC)856567305</marc:subfield>
            <marc:subfield code="z">(OCoLC)856974396</marc:subfield>
            <marc:subfield code="z">(OCoLC)1107194990</marc:subfield>
        </marc:datafield>
        <marc:datafield tag="035" ind1=" " ind2=" ">
            <marc:subfield code="a">(DNAL)1314856-naldb-Voyager</marc:subfield>
        </marc:datafield>
        <marc:datafield tag="035" ind1=" " ind2=" ">
            <marc:subfield code="z">(OCoLC)856567305</marc:subfield>
            <marc:subfield code="z">(OCoLC)856974396</marc:subfield>
            <marc:subfield code="z">(OCoLC)1107194990</marc:subfield>
        </marc:datafield>
        <marc:datafield tag="040" ind1=" " ind2=" ">
            <marc:subfield code="a">DNLM/DLC</marc:subfield>
            <marc:subfield code="b">eng</marc:subfield>
            <marc:subfield code="e">rda</marc:subfield>
            <marc:subfield code="c">DLC</marc:subfield>
            <marc:subfield code="d">YDX</marc:subfield>
            <marc:subfield code="d">BTCTA</marc:subfield>
            <marc:subfield code="d">NLM</marc:subfield>
            <marc:subfield code="d">YDXCP</marc:subfield>
            <marc:subfield code="d">CDX</marc:subfield>
            <marc:subfield code="d">OCLCF</marc:subfield>
            <marc:subfield code="d">AGL</marc:subfield>
            <marc:subfield code="d">OCLCQ</marc:subfield>
            <marc:subfield code="d">BDX</marc:subfield>
            <marc:subfield code="d">UKMGB</marc:subfield>
            <marc:subfield code="d">U3G</marc:subfield>
            <marc:subfield code="d">IEUOL</marc:subfield>
            <marc:subfield code="d">OCLCO</marc:subfield>
            <marc:subfield code="d">OCLCA</marc:subfield>
        </marc:datafield>
        <marc:datafield tag="042" ind1=" " ind2=" ">
            <marc:subfield code="a">pcc</marc:subfield>
        </marc:datafield>
        <marc:datafield tag="049" ind1=" " ind2=" ">
            <marc:subfield code="a">AGLL</marc:subfield>
        </marc:datafield>
        <marc:datafield tag="050" ind1="0" ind2="0">
            <marc:subfield code="a">SF951</marc:subfield>
            <marc:subfield code="b">.R243 2014</marc:subfield>
        </marc:datafield>
        <marc:datafield tag="070" ind1="0" ind2=" ">
            <marc:subfield code="a">SF951</marc:subfield>
            <marc:subfield code="b">.R243 2014</marc:subfield>
        </marc:datafield>
        <marc:datafield tag="100" ind1="1" ind2=" ">
            <marc:subfield code="a">Ramzan, Pieter H. L.,</marc:subfield>
            <marc:subfield code="e">author.</marc:subfield>
            <marc:subfield code="0">http://id.loc.gov/authorities/names/n2014181391</marc:subfield>
        </marc:datafield>
        <marc:datafield tag="245" ind1="1" ind2="4">
            <marc:subfield code="a">The racehorse :</marc:subfield>
            <marc:subfield code="b">a veterinary manual /</marc:subfield>
            <marc:subfield code="c">Pieter H.L. Ramzan, BVSc(Sydney), MRCVS, Rossdales Veterinary
                Practice, Beaufort Cottage Stables, Newmarket, Suffolk, UK.</marc:subfield>
        </marc:datafield>
        <marc:datafield tag="264" ind1=" " ind2="1">
            <marc:subfield code="a">Boca Raton :</marc:subfield>
            <marc:subfield code="b">CRC Press/Taylor &amp; Francis,</marc:subfield>
            <marc:subfield code="c">2014.</marc:subfield>
        </marc:datafield>
        <marc:datafield tag="300" ind1=" " ind2=" ">
            <marc:subfield code="a">xii, 372 pages :</marc:subfield>
            <marc:subfield code="b">illustrations (some color) ;</marc:subfield>
            <marc:subfield code="c">27 cm</marc:subfield>
        </marc:datafield>
        <marc:datafield tag="336" ind1=" " ind2=" ">
            <marc:subfield code="a">text</marc:subfield>
            <marc:subfield code="b">txt</marc:subfield>
            <marc:subfield code="2">rdacontent</marc:subfield>
        </marc:datafield>
        <marc:datafield tag="337" ind1=" " ind2=" ">
            <marc:subfield code="a">unmediated</marc:subfield>
            <marc:subfield code="b">n</marc:subfield>
            <marc:subfield code="2">rdamedia</marc:subfield>
        </marc:datafield>
        <marc:datafield tag="338" ind1=" " ind2=" ">
            <marc:subfield code="a">volume</marc:subfield>
            <marc:subfield code="b">nc</marc:subfield>
            <marc:subfield code="2">rdacarrier</marc:subfield>
        </marc:datafield>
        <marc:datafield tag="504" ind1=" " ind2=" ">
            <marc:subfield code="a">Includes bibliographical references and index.</marc:subfield>
        </marc:datafield>
        <marc:datafield tag="505" ind1="0" ind2="0">
            <marc:subfield code="a">Machine generated contents note:</marc:subfield>
            <marc:subfield code="g">pt. 1</marc:subfield>
            <marc:subfield code="t">Injuries and Conditions of the Musculoskeletal System
                --</marc:subfield>
            <marc:subfield code="g">ch. 1</marc:subfield>
            <marc:subfield code="t">Injury management and rehabilitation --</marc:subfield>
            <marc:subfield code="t">Introduction --</marc:subfield>
            <marc:subfield code="t">Acute care and wound management --</marc:subfield>
            <marc:subfield code="t">Management of joint disease --</marc:subfield>
            <marc:subfield code="t">Rehabilitation --</marc:subfield>
            <marc:subfield code="g">ch. 2</marc:subfield>
            <marc:subfield code="t">Regional musculoskeletal conditions --</marc:subfield>
            <marc:subfield code="t">The foot --</marc:subfield>
            <marc:subfield code="t">The fetlock and pastern --</marc:subfield>
            <marc:subfield code="t">The metacarpus/metatarsus (`cannon') --</marc:subfield>
            <marc:subfield code="t">The carpus --</marc:subfield>
            <marc:subfield code="t">The upper forelimb --</marc:subfield>
            <marc:subfield code="t">The tarsus (hock) --</marc:subfield>
            <marc:subfield code="t">The upper hindlimb --</marc:subfield>
            <marc:subfield code="t">The pelvis --</marc:subfield>
            <marc:subfield code="t">The neck and back --</marc:subfield>
            <marc:subfield code="t">Other musculoskeletal conditions --</marc:subfield>
            <marc:subfield code="g">pt. 2</marc:subfield>
            <marc:subfield code="t">Other Body Systems --</marc:subfield>
            <marc:subfield code="g">ch. 3</marc:subfield>
            <marc:subfield code="t">Respiratory conditions --</marc:subfield>
            <marc:subfield code="t">Upper airway obstructions --</marc:subfield>
            <marc:subfield code="t">Lower airway disease --</marc:subfield>
            <marc:subfield code="g">ch. 4</marc:subfield>
            <marc:subfield code="t">Cardiovascular conditions --</marc:subfield>
            <marc:subfield code="t">Heart murmurs --</marc:subfield>
            <marc:subfield code="t">Arrhythmias --</marc:subfield>
            <marc:subfield code="t">Jugular thrombosis/thrombophlebitis --</marc:subfield>
            <marc:subfield code="t">Exercise-related sudden death (cardiopulmonary failure)
                --</marc:subfield>
            <marc:subfield code="g">ch. 5</marc:subfield>
            <marc:subfield code="t">The head --</marc:subfield>
            <marc:subfield code="t">Dentistry --</marc:subfield>
            <marc:subfield code="t">Wounds --</marc:subfield>
            <marc:subfield code="t">Eyes --</marc:subfield>
            <marc:subfield code="t">Airways --</marc:subfield>
            <marc:subfield code="t">Other --</marc:subfield>
            <marc:subfield code="g">ch. 6</marc:subfield>
            <marc:subfield code="t">Gastrointestinal conditions --</marc:subfield>
            <marc:subfield code="g">ch. 7</marc:subfield>
            <marc:subfield code="t">Urogenital conditions --</marc:subfield>
            <marc:subfield code="t">Urinary tract problems --</marc:subfield>
            <marc:subfield code="t">Female reproductive system --</marc:subfield>
            <marc:subfield code="t">Male reproductive system --</marc:subfield>
            <marc:subfield code="t">Intersex disorders --</marc:subfield>
            <marc:subfield code="g">ch. 8</marc:subfield>
            <marc:subfield code="t">Neurological conditions --</marc:subfield>
            <marc:subfield code="t">Vertebral column conditions --</marc:subfield>
            <marc:subfield code="t">Viral infections --</marc:subfield>
            <marc:subfield code="g">ch. 9</marc:subfield>
            <marc:subfield code="t">Skin conditions --</marc:subfield>
            <marc:subfield code="t">Injuries --</marc:subfield>
            <marc:subfield code="t">Infections --</marc:subfield>
            <marc:subfield code="t">Other conditions --</marc:subfield>
            <marc:subfield code="g">ch. 10</marc:subfield>
            <marc:subfield code="t">Miscellaneous conditions --</marc:subfield>
            <marc:subfield code="g">ch. 11</marc:subfield>
            <marc:subfield code="t">Infectious diseases --</marc:subfield>
            <marc:subfield code="g">pt. 3</marc:subfield>
            <marc:subfield code="t">Training and Management --</marc:subfield>
            <marc:subfield code="g">ch. 12</marc:subfield>
            <marc:subfield code="t">Selection of the racehorse --</marc:subfield>
            <marc:subfield code="t">Overview --</marc:subfield>
            <marc:subfield code="t">The vetting procedure --</marc:subfield>
            <marc:subfield code="t">Pre-purchase radiography --</marc:subfield>
            <marc:subfield code="t">Pre-purchase ultrasonography --</marc:subfield>
            <marc:subfield code="t">Assessment of airway function --</marc:subfield>
            <marc:subfield code="t">Public auction vetting: the yearling --</marc:subfield>
            <marc:subfield code="t">Public auction vetting: the `breeze-up' 2 year old
                --</marc:subfield>
            <marc:subfield code="t">Public auction vetting: the horse-in-training --</marc:subfield>
            <marc:subfield code="t">Conformation --</marc:subfield>
            <marc:subfield code="t">Heart size --</marc:subfield>
            <marc:subfield code="t">Genetics of selection --</marc:subfield>
            <marc:subfield code="g">ch. 13</marc:subfield>
            <marc:subfield code="t">Exercise physiology and training --</marc:subfield>
            <marc:subfield code="t">Overview of exercise physiology --</marc:subfield>
            <marc:subfield code="t">The racehorse as athlete --</marc:subfield>
            <marc:subfield code="t">Adaptations to training --</marc:subfield>
            <marc:subfield code="t">Fundamentals of training --</marc:subfield>
            <marc:subfield code="t">Training aids --</marc:subfield>
            <marc:subfield code="t">Fitness testing --</marc:subfield>
            <marc:subfield code="t">Track types --</marc:subfield>
            <marc:subfield code="g">ch. 14</marc:subfield>
            <marc:subfield code="t">Nutrition --</marc:subfield>
            <marc:subfield code="t">Principles of feeding --</marc:subfield>
            <marc:subfield code="t">Key nutrients --</marc:subfield>
            <marc:subfield code="t">Basic feed types --</marc:subfield>
            <marc:subfield code="t">Supplements --</marc:subfield>
            <marc:subfield code="t">Assessing nutritional problems --</marc:subfield>
            <marc:subfield code="t">Poor appetite/condition --</marc:subfield>
            <marc:subfield code="t">Feeding for performance --</marc:subfield>
            <marc:subfield code="g">ch. 15</marc:subfield>
            <marc:subfield code="t">Ergogenic aids --</marc:subfield>
            <marc:subfield code="t">Overview --</marc:subfield>
            <marc:subfield code="t">Nutritional aids --</marc:subfield>
            <marc:subfield code="t">Non-nutritional aids --</marc:subfield>
            <marc:subfield code="g">ch. 16</marc:subfield>
            <marc:subfield code="t">Blood analysis --</marc:subfield>
            <marc:subfield code="t">Blood constituents --</marc:subfield>
            <marc:subfield code="t">Sampling --</marc:subfield>
            <marc:subfield code="t">Effects of training --</marc:subfield>
            <marc:subfield code="t">Interpretation --</marc:subfield>
            <marc:subfield code="g">ch. 17</marc:subfield>
            <marc:subfield code="t">Herd health --</marc:subfield>
            <marc:subfield code="t">Biosecurity --</marc:subfield>
            <marc:subfield code="t">Housing and air hygiene --</marc:subfield>
            <marc:subfield code="t">Lower airway disease --</marc:subfield>
            <marc:subfield code="t">Musculoskeletal injuries --</marc:subfield>
            <marc:subfield code="g">ch. 18</marc:subfield>
            <marc:subfield code="t">Transport --</marc:subfield>
            <marc:subfield code="t">Overview --</marc:subfield>
            <marc:subfield code="t">Effects of transport --</marc:subfield>
            <marc:subfield code="t">Veterinary management for long-distance transport
                --</marc:subfield>
            <marc:subfield code="g">pt. 4</marc:subfield>
            <marc:subfield code="t">Appendices --</marc:subfield>
            <marc:subfield code="g">Appendix 1</marc:subfield>
            <marc:subfield code="t">Normal clinical parameters --</marc:subfield>
            <marc:subfield code="g">Appendix 2</marc:subfield>
            <marc:subfield code="t">Drug administration reference table --</marc:subfield>
            <marc:subfield code="g">Appendix 3</marc:subfield>
            <marc:subfield code="t">Guide to best practice for humane destruction in emergency
                situations --</marc:subfield>
            <marc:subfield code="g">Appendix 4</marc:subfield>
            <marc:subfield code="t">Blood reference ranges.</marc:subfield>
        </marc:datafield>
        <marc:datafield tag="591" ind1=" " ind2=" ">
            <marc:subfield code="b">NAL Reclamation</marc:subfield>
        </marc:datafield>
        <marc:datafield tag="650" ind1=" " ind2="0">
            <marc:subfield code="a">Horses</marc:subfield>
            <marc:subfield code="x">Diseases.</marc:subfield>
            <marc:subfield code="0"
                >http://id.loc.gov/authorities/subjects/sh85062163</marc:subfield>
        </marc:datafield>
        <marc:datafield tag="650" ind1="1" ind2="2">
            <marc:subfield code="a">Horse Diseases.</marc:subfield>
            <marc:subfield code="0">https://id.nlm.nih.gov/mesh/D006734</marc:subfield>
        </marc:datafield>
        <marc:datafield tag="650" ind1="2" ind2="2">
            <marc:subfield code="a">Horses.</marc:subfield>
            <marc:subfield code="0">https://id.nlm.nih.gov/mesh/D006736</marc:subfield>
        </marc:datafield>
        <marc:datafield tag="650" ind1="2" ind2="2">
            <marc:subfield code="a">Veterinary Sports Medicine</marc:subfield>
            <marc:subfield code="x">methods.</marc:subfield>
            <marc:subfield code="0">https://id.nlm.nih.gov/mesh/D064796Q000379</marc:subfield>
        </marc:datafield>
        <marc:datafield tag="650" ind1=" " ind2="3">
            <marc:subfield code="a">horse diseases.</marc:subfield>
        </marc:datafield>
        <marc:datafield tag="650" ind1=" " ind2="3">
            <marc:subfield code="a">horses.</marc:subfield>
        </marc:datafield>
        <marc:datafield tag="650" ind1=" " ind2="3">
            <marc:subfield code="a">methodology.</marc:subfield>
        </marc:datafield>
        <marc:datafield tag="776" ind1="0" ind2="8">
            <marc:subfield code="i">ebook version:</marc:subfield>
            <marc:subfield code="z">9781482221923</marc:subfield>
        </marc:datafield>
        <marc:datafield tag="912" ind1=" " ind2=" ">
            <marc:subfield code="a">nalcatalog</marc:subfield>
        </marc:datafield>
        <marc:datafield tag="930" ind1=" " ind2=" ">
            <marc:subfield code="a">20150414</marc:subfield>
            <marc:subfield code="b">00000000</marc:subfield>
            <marc:subfield code="c">00000000</marc:subfield>
        </marc:datafield>
        <marc:datafield tag="938" ind1=" " ind2=" ">
            <marc:subfield code="a">Brodart</marc:subfield>
            <marc:subfield code="b">BROD</marc:subfield>
            <marc:subfield code="n">110481275</marc:subfield>
        </marc:datafield>
        <marc:datafield tag="938" ind1=" " ind2=" ">
            <marc:subfield code="a">Baker and Taylor</marc:subfield>
            <marc:subfield code="b">BTCP</marc:subfield>
            <marc:subfield code="n">BK0013710382</marc:subfield>
        </marc:datafield>
        <marc:datafield tag="938" ind1=" " ind2=" ">
            <marc:subfield code="a">Coutts Information Services</marc:subfield>
            <marc:subfield code="b">COUT</marc:subfield>
            <marc:subfield code="n">26200968</marc:subfield>
        </marc:datafield>
        <marc:datafield tag="938" ind1=" " ind2=" ">
            <marc:subfield code="a">YBP Library Services</marc:subfield>
            <marc:subfield code="b">YANK</marc:subfield>
            <marc:subfield code="n">11079116</marc:subfield>
        </marc:datafield>
        <marc:datafield tag="946" ind1=" " ind2=" ">
            <marc:subfield code="a">Other US</marc:subfield>
        </marc:datafield>
        <marc:datafield tag="958" ind1=" " ind2=" ">
            <marc:subfield code="b">e</marc:subfield>
            <marc:subfield code="c">2015/04/14</marc:subfield>
            <marc:subfield code="d">c</marc:subfield>
            <marc:subfield code="e">vperkins</marc:subfield>
        </marc:datafield>
        <marc:datafield tag="994" ind1=" " ind2=" ">
            <marc:subfield code="a">92</marc:subfield>
            <marc:subfield code="b">AGL</marc:subfield>
        </marc:datafield>
    </marc:record>