
    <marc:record>
        <marc:leader>07406cam a2200601 a 4500</marc:leader>
        <marc:controlfield tag="001">9915553025207426</marc:controlfield>
        <marc:controlfield tag="005">20221102205531.0</marc:controlfield>
        <marc:controlfield tag="008">920414s1992 moua b 001 0 eng </marc:controlfield>
        <marc:datafield tag="010" ind1=" " ind2=" ">
            <marc:subfield code="a"> 90012964 </marc:subfield>
        </marc:datafield>
        <marc:datafield tag="015" ind1=" " ind2=" ">
            <marc:subfield code="a">GB9214798</marc:subfield>
            <marc:subfield code="2">bnb</marc:subfield>
        </marc:datafield>
        <marc:datafield tag="016" ind1="7" ind2=" ">
            <marc:subfield code="a">CAT92985073</marc:subfield>
            <marc:subfield code="2">DNAL</marc:subfield>
        </marc:datafield>
        <marc:datafield tag="016" ind1="7" ind2=" ">
            <marc:subfield code="a">9012033</marc:subfield>
            <marc:subfield code="2">DNLM</marc:subfield>
        </marc:datafield>
        <marc:datafield tag="016" ind1="7" ind2=" ">
            <marc:subfield code="a">080-16639</marc:subfield>
            <marc:subfield code="2">Uk</marc:subfield>
        </marc:datafield>
        <marc:datafield tag="019" ind1=" " ind2=" ">
            <marc:subfield code="a">26161133</marc:subfield>
            <marc:subfield code="a">26358838</marc:subfield>
        </marc:datafield>
        <marc:datafield tag="020" ind1=" " ind2=" ">
            <marc:subfield code="a">0801663962</marc:subfield>
        </marc:datafield>
        <marc:datafield tag="020" ind1=" " ind2=" ">
            <marc:subfield code="a">9780801663963</marc:subfield>
        </marc:datafield>
        <marc:datafield tag="020" ind1=" " ind2=" ">
            <marc:subfield code="a">0683014773</marc:subfield>
        </marc:datafield>
        <marc:datafield tag="020" ind1=" " ind2=" ">
            <marc:subfield code="a">9780683014778</marc:subfield>
        </marc:datafield>
        <marc:datafield tag="035" ind1=" " ind2=" ">
            <marc:subfield code="a">546452</marc:subfield>
        </marc:datafield>
        <marc:datafield tag="035" ind1=" " ind2=" ">
            <marc:subfield code="a">(OCoLC)22309839</marc:subfield>
            <marc:subfield code="z">(OCoLC)26161133</marc:subfield>
            <marc:subfield code="z">(OCoLC)26358838</marc:subfield>
        </marc:datafield>
        <marc:datafield tag="035" ind1=" " ind2=" ">
            <marc:subfield code="a">(DNAL)546452-naldb-Voyager</marc:subfield>
        </marc:datafield>
        <marc:datafield tag="035" ind1=" " ind2=" ">
            <marc:subfield code="z">(OCoLC)26161133</marc:subfield>
            <marc:subfield code="z">(OCoLC)26358838</marc:subfield>
        </marc:datafield>
        <marc:datafield tag="040" ind1=" " ind2=" ">
            <marc:subfield code="a">DNLM/DLC</marc:subfield>
            <marc:subfield code="b">eng</marc:subfield>
            <marc:subfield code="c">DLC</marc:subfield>
            <marc:subfield code="d">AGL</marc:subfield>
            <marc:subfield code="d">NLM</marc:subfield>
            <marc:subfield code="d">UKM</marc:subfield>
            <marc:subfield code="d">MUQ</marc:subfield>
            <marc:subfield code="d">BTCTA</marc:subfield>
            <marc:subfield code="d">BAKER</marc:subfield>
            <marc:subfield code="d">YDXCP</marc:subfield>
            <marc:subfield code="d">DEBBG</marc:subfield>
            <marc:subfield code="d">BDX</marc:subfield>
            <marc:subfield code="d">GBVCP</marc:subfield>
            <marc:subfield code="d">OCLCO</marc:subfield>
            <marc:subfield code="d">OCLCF</marc:subfield>
            <marc:subfield code="d">OCLCQ</marc:subfield>
            <marc:subfield code="d">OCLCO</marc:subfield>
            <marc:subfield code="d">OCLCA</marc:subfield>
            <marc:subfield code="d">IPL</marc:subfield>
            <marc:subfield code="d">OCLCO</marc:subfield>
        </marc:datafield>
        <marc:datafield tag="049" ind1=" " ind2=" ">
            <marc:subfield code="a">AGLL</marc:subfield>
        </marc:datafield>
        <marc:datafield tag="050" ind1="1" ind2="0">
            <marc:subfield code="a">SF780.4</marc:subfield>
            <marc:subfield code="b">.V46 1992</marc:subfield>
        </marc:datafield>
        <marc:datafield tag="070" ind1="0" ind2=" ">
            <marc:subfield code="a">SF780.4.V46</marc:subfield>
            <marc:subfield code="b">1992</marc:subfield>
        </marc:datafield>
        <marc:datafield tag="072" ind1=" " ind2=" ">
            <marc:subfield code="a">L800</marc:subfield>
        </marc:datafield>
        <marc:datafield tag="245" ind1="0" ind2="0">
            <marc:subfield code="a">Veterinary diagnostic virology :</marc:subfield>
            <marc:subfield code="b">a practitioner's guide /</marc:subfield>
            <marc:subfield code="c">edited by Anthony E. Castro, Werner P.
                Heuschele.</marc:subfield>
        </marc:datafield>
        <marc:datafield tag="260" ind1=" " ind2=" ">
            <marc:subfield code="a">St. Louis :</marc:subfield>
            <marc:subfield code="b">Mosby Year Book,</marc:subfield>
            <marc:subfield code="c">©1992.</marc:subfield>
        </marc:datafield>
        <marc:datafield tag="300" ind1=" " ind2=" ">
            <marc:subfield code="a">xvii, 285 pages :</marc:subfield>
            <marc:subfield code="b">illustrations ;</marc:subfield>
            <marc:subfield code="c">28 cm</marc:subfield>
        </marc:datafield>
        <marc:datafield tag="336" ind1=" " ind2=" ">
            <marc:subfield code="a">text</marc:subfield>
            <marc:subfield code="b">txt</marc:subfield>
            <marc:subfield code="2">rdacontent</marc:subfield>
        </marc:datafield>
        <marc:datafield tag="337" ind1=" " ind2=" ">
            <marc:subfield code="a">unmediated</marc:subfield>
            <marc:subfield code="b">n</marc:subfield>
            <marc:subfield code="2">rdamedia</marc:subfield>
        </marc:datafield>
        <marc:datafield tag="338" ind1=" " ind2=" ">
            <marc:subfield code="a">volume</marc:subfield>
            <marc:subfield code="b">nc</marc:subfield>
            <marc:subfield code="2">rdacarrier</marc:subfield>
        </marc:datafield>
        <marc:datafield tag="504" ind1=" " ind2=" ">
            <marc:subfield code="a">Includes bibliographical references and index.</marc:subfield>
        </marc:datafield>
        <marc:datafield tag="505" ind1="0" ind2="0">
            <marc:subfield code="g">Sect. I.</marc:subfield>
            <marc:subfield code="t">Viral Diagnosis: General Considerations --</marc:subfield>
            <marc:subfield code="g">1.</marc:subfield>
            <marc:subfield code="t">Selection and submission of diagnostic specimens
                /</marc:subfield>
            <marc:subfield code="r">Werner P. Heuschele and Anthony E. Castro --</marc:subfield>
            <marc:subfield code="g">2.</marc:subfield>
            <marc:subfield code="t">Isolation and identification of viruses /</marc:subfield>
            <marc:subfield code="r">Anthony E. Castro --</marc:subfield>
            <marc:subfield code="g">3.</marc:subfield>
            <marc:subfield code="t">Molecular techniques for clinical diagnosis of viral infections
                /</marc:subfield>
            <marc:subfield code="r">Cecelia A. Whetstone and Bruce S. Seal --</marc:subfield>
            <marc:subfield code="g">Sect. II.</marc:subfield>
            <marc:subfield code="t">Species Groups and Their Major Viruses Or Viral Diseases
                --</marc:subfield>
            <marc:subfield code="g">A.</marc:subfield>
            <marc:subfield code="t">Avian --</marc:subfield>
            <marc:subfield code="g">4.</marc:subfield>
            <marc:subfield code="t">Adenoviruses /</marc:subfield>
            <marc:subfield code="r">J. Brian McFerran --</marc:subfield>
            <marc:subfield code="g">5.</marc:subfield>
            <marc:subfield code="t">Avian encephalomyelitis /</marc:subfield>
            <marc:subfield code="r">Arthur A. Bickford --</marc:subfield>
            <marc:subfield code="g">6.</marc:subfield>
            <marc:subfield code="t">Chicken anemia agent /</marc:subfield>
            <marc:subfield code="r">John K. Rosenberger --</marc:subfield>
            <marc:subfield code="g">7.</marc:subfield>
            <marc:subfield code="t">Duck virus enteritis /</marc:subfield>
            <marc:subfield code="r">Douglas E. Docherty and J. Christian Franson --</marc:subfield>
            <marc:subfield code="g">8.</marc:subfield>
            <marc:subfield code="t">Herpesviruses of psittacine birds (pacheco's disease of parrots)
                /</marc:subfield>
            <marc:subfield code="r">Jack M. Gaskin --</marc:subfield>
            <marc:subfield code="g">9.</marc:subfield>
            <marc:subfield code="t">Infectious bronchitis /</marc:subfield>
            <marc:subfield code="r">Duncan A. McMartin --</marc:subfield>
            <marc:subfield code="g">10.</marc:subfield>
            <marc:subfield code="t">Infectious bursal disease /</marc:subfield>
            <marc:subfield code="r">Phil D. Lukert --</marc:subfield>
            <marc:subfield code="g">11.</marc:subfield>
            <marc:subfield code="t">Influenza /</marc:subfield>
            <marc:subfield code="r">Charles W. Beard --</marc:subfield>
            <marc:subfield code="g">12.</marc:subfield>
            <marc:subfield code="t">Laryngotracheitis /</marc:subfield>
            <marc:subfield code="r">Trevor J. Bagust --</marc:subfield>
            <marc:subfield code="g">13.</marc:subfield>
            <marc:subfield code="t">Leukosis and reticuloendotheliosis /</marc:subfield>
            <marc:subfield code="r">Aly M. Fadly --</marc:subfield>
            <marc:subfield code="g">14.</marc:subfield>
            <marc:subfield code="t">Marble spleen disease /</marc:subfield>
            <marc:subfield code="r">Barrett S. Cowen --</marc:subfield>
            <marc:subfield code="g">15.</marc:subfield>
            <marc:subfield code="t">Marek's disease /</marc:subfield>
            <marc:subfield code="r">Takeshi Mikami and Aki Takumi --</marc:subfield>
            <marc:subfield code="g">16.</marc:subfield>
            <marc:subfield code="t">Newcastle disease /</marc:subfield>
            <marc:subfield code="r">Charles W. Beard --</marc:subfield>
            <marc:subfield code="g">17.</marc:subfield>
            <marc:subfield code="t">Paramyxoviruses types 2 and 3 /</marc:subfield>
            <marc:subfield code="r">Raymond A. Bankowski --</marc:subfield>
            <marc:subfield code="g">18.</marc:subfield>
            <marc:subfield code="t">Poxviruses /</marc:subfield>
            <marc:subfield code="r">Deoki N. Tripathy --</marc:subfield>
            <marc:subfield code="g">19.</marc:subfield>
            <marc:subfield code="t">Reoviruses and rotaviruses /</marc:subfield>
            <marc:subfield code="r">Y.M. Saif --</marc:subfield>
            <marc:subfield code="g">20.</marc:subfield>
            <marc:subfield code="t">Viral hepatitides /</marc:subfield>
            <marc:subfield code="r">Glenn H. Snoeyenbos --</marc:subfield>
            <marc:subfield code="g">B.</marc:subfield>
            <marc:subfield code="t">Bovine --</marc:subfield>
            <marc:subfield code="g">21.</marc:subfield>
            <marc:subfield code="t">Adenoviruses /</marc:subfield>
            <marc:subfield code="r">Donald E. Mattson --</marc:subfield>
            <marc:subfield code="g">22.</marc:subfield>
            <marc:subfield code="t">Akabane /</marc:subfield>
            <marc:subfield code="r">Thomas E. Walton --</marc:subfield>
            <marc:subfield code="g">23.</marc:subfield>
            <marc:subfield code="t">Bluetongue, epizootic hemorrhagic disease and ibaraki
                /</marc:subfield>
            <marc:subfield code="r">Albert J. Luedke</marc:subfield>
        </marc:datafield>
        <marc:datafield tag="505" ind1="8" ind2="0">
            <marc:subfield code="g">24.</marc:subfield>
            <marc:subfield code="t">Bovine lentivirus /</marc:subfield>
            <marc:subfield code="r">James F. Evermann --</marc:subfield>
            <marc:subfield code="g">25.</marc:subfield>
            <marc:subfield code="t">Bovine leukemia /</marc:subfield>
            <marc:subfield code="r">Janice M. Miller --</marc:subfield>
            <marc:subfield code="g">26.</marc:subfield>
            <marc:subfield code="t">Bovine mammillitis /</marc:subfield>
            <marc:subfield code="r">Fernando A. Osorio --</marc:subfield>
            <marc:subfield code="g">27.</marc:subfield>
            <marc:subfield code="t">Bovine respiratory syncytial virus /</marc:subfield>
            <marc:subfield code="r">John C. Baker --</marc:subfield>
            <marc:subfield code="g">28.</marc:subfield>
            <marc:subfield code="t">Bovine viral diarrhea /</marc:subfield>
            <marc:subfield code="r">Leon N. D. Potgieter --</marc:subfield>
            <marc:subfield code="g">29.</marc:subfield>
            <marc:subfield code="t">Coronavirus /</marc:subfield>
            <marc:subfield code="r">Linda J. Saif --</marc:subfield>
            <marc:subfield code="g">30.</marc:subfield>
            <marc:subfield code="t">Cowpox /</marc:subfield>
            <marc:subfield code="r">E. Paul J. Gibbs --</marc:subfield>
            <marc:subfield code="g">31.</marc:subfield>
            <marc:subfield code="t">Cytomegaloviruses /</marc:subfield>
            <marc:subfield code="r">Alfred E. Metzler --</marc:subfield>
            <marc:subfield code="g">32.</marc:subfield>
            <marc:subfield code="t">Foot-and-mouth disease /</marc:subfield>
            <marc:subfield code="r">Jerry J. Callis and Douglas A. Gregg --</marc:subfield>
            <marc:subfield code="g">33.</marc:subfield>
            <marc:subfield code="t">Infectious bovine rhinotracheitis /</marc:subfield>
            <marc:subfield code="r">Thomas P. Leary and Gary A. Splitter --</marc:subfield>
            <marc:subfield code="g">34.</marc:subfield>
            <marc:subfield code="t">Lumpy skin disease /</marc:subfield>
            <marc:subfield code="r">James A. House --</marc:subfield>
            <marc:subfield code="g">35.</marc:subfield>
            <marc:subfield code="t">Malignant catarrhal fever /</marc:subfield>
            <marc:subfield code="r">Werner P. Heuschele and Bruce S. Seal --</marc:subfield>
            <marc:subfield code="g">36.</marc:subfield>
            <marc:subfield code="t">Papillomaviruses /</marc:subfield>
            <marc:subfield code="r">John P. Sundberg --</marc:subfield>
            <marc:subfield code="g">37.</marc:subfield>
            <marc:subfield code="t">Parainfluenza type 3 /</marc:subfield>
            <marc:subfield code="r">Glynn H. Frank --</marc:subfield>
            <marc:subfield code="g">38.</marc:subfield>
            <marc:subfield code="t">Rabies /</marc:subfield>
            <marc:subfield code="r">John G. Debbie and Charles V. Trimarchi --</marc:subfield>
            <marc:subfield code="g">39.</marc:subfield>
            <marc:subfield code="t">Rift valley fever /</marc:subfield>
            <marc:subfield code="r">Jeffrey C. Mariner and Ronald J. Yedloutschnig
                --</marc:subfield>
            <marc:subfield code="g">40.</marc:subfield>
            <marc:subfield code="t">Rinderpest /</marc:subfield>
            <marc:subfield code="r">Paul B. Rossiter --</marc:subfield>
            <marc:subfield code="g">41.</marc:subfield>
            <marc:subfield code="t">Rotavirus /</marc:subfield>
            <marc:subfield code="r">Linda J. Saif --</marc:subfield>
            <marc:subfield code="g">42.</marc:subfield>
            <marc:subfield code="t">Vesicular stomatitis /</marc:subfield>
            <marc:subfield code="r">Gene A. Erickson --</marc:subfield>
            <marc:subfield code="g">C.</marc:subfield>
            <marc:subfield code="t">Canine --</marc:subfield>
            <marc:subfield code="g">43.</marc:subfield>
            <marc:subfield code="t">Calicivirus /</marc:subfield>
            <marc:subfield code="r">Robert A. Crandell --</marc:subfield>
            <marc:subfield code="g">44.</marc:subfield>
            <marc:subfield code="t">Canine distemper /</marc:subfield>
            <marc:subfield code="r">Robert P. Poston and James J. England --</marc:subfield>
            <marc:subfield code="g">45.</marc:subfield>
            <marc:subfield code="t">Coronavirus /</marc:subfield>
            <marc:subfield code="r">A. Konrad Eugster --</marc:subfield>
            <marc:subfield code="g">46.</marc:subfield>
            <marc:subfield code="t">Herpesvirus /</marc:subfield>
            <marc:subfield code="r">James F. Evermann --</marc:subfield>
            <marc:subfield code="g">47.</marc:subfield>
            <marc:subfield code="t">Infectious canine hepatitis and viral tracheobronchitis
                /</marc:subfield>
            <marc:subfield code="r">Larry J. Swango --</marc:subfield>
            <marc:subfield code="g">48.</marc:subfield>
            <marc:subfield code="t">Papillomaviruses /</marc:subfield>
            <marc:subfield code="r">John P. Sundberg --</marc:subfield>
            <marc:subfield code="g">49.</marc:subfield>
            <marc:subfield code="t">Parvovirus /</marc:subfield>
            <marc:subfield code="r">Colin R. Parrish --</marc:subfield>
            <marc:subfield code="g">50.</marc:subfield>
            <marc:subfield code="t">Rabies /</marc:subfield>
            <marc:subfield code="r">John G. Debbie and Charles V. Trimarchi --</marc:subfield>
            <marc:subfield code="g">D.</marc:subfield>
            <marc:subfield code="t">Equine --</marc:subfield>
            <marc:subfield code="g">51.</marc:subfield>
            <marc:subfield code="t">Adenovirus /</marc:subfield>
            <marc:subfield code="r">Timothy B. Crawford --</marc:subfield>
            <marc:subfield code="g">52.</marc:subfield>
            <marc:subfield code="t">African horse sickness /</marc:subfield>
            <marc:subfield code="r">Carol House</marc:subfield>
        </marc:datafield>
        <marc:datafield tag="505" ind1="8" ind2="0">
            <marc:subfield code="g">53.</marc:subfield>
            <marc:subfield code="t">Coital exanthema /</marc:subfield>
            <marc:subfield code="r">James F. Evermann --</marc:subfield>
            <marc:subfield code="g">54.</marc:subfield>
            <marc:subfield code="t">Encephalomyelitis /</marc:subfield>
            <marc:subfield code="r">James E. Pearson --</marc:subfield>
            <marc:subfield code="g">55.</marc:subfield>
            <marc:subfield code="t">Equine infectious anemia /</marc:subfield>
            <marc:subfield code="r">Charles J. Issel --</marc:subfield>
            <marc:subfield code="g">56.</marc:subfield>
            <marc:subfield code="t">Equine viral arteritis /</marc:subfield>
            <marc:subfield code="r">Peter J. Timoney --</marc:subfield>
            <marc:subfield code="g">57.</marc:subfield>
            <marc:subfield code="t">Influenza /</marc:subfield>
            <marc:subfield code="r">Bernard C. Easterday --</marc:subfield>
            <marc:subfield code="g">58.</marc:subfield>
            <marc:subfield code="t">Papillomaviruses /</marc:subfield>
            <marc:subfield code="r">John P. Sundberg --</marc:subfield>
            <marc:subfield code="g">59.</marc:subfield>
            <marc:subfield code="t">Rhinopneumonitis and viral abortion /</marc:subfield>
            <marc:subfield code="r">Peter J. Timoney --</marc:subfield>
            <marc:subfield code="g">E.</marc:subfield>
            <marc:subfield code="t">Feline --</marc:subfield>
            <marc:subfield code="g">60.</marc:subfield>
            <marc:subfield code="t">Calicivirus /</marc:subfield>
            <marc:subfield code="r">Jeffrey E. Barlough --</marc:subfield>
            <marc:subfield code="g">61.</marc:subfield>
            <marc:subfield code="t">Feline immunodeficiency virus /</marc:subfield>
            <marc:subfield code="r">Niels C. Pedersen --</marc:subfield>
            <marc:subfield code="g">62.</marc:subfield>
            <marc:subfield code="t">Feline infectious peritonitis /</marc:subfield>
            <marc:subfield code="r">Niels C. Pedersen --</marc:subfield>
            <marc:subfield code="g">63.</marc:subfield>
            <marc:subfield code="t">Feline leukemia virus /</marc:subfield>
            <marc:subfield code="r">Niels C. Pedersen --</marc:subfield>
            <marc:subfield code="g">64.</marc:subfield>
            <marc:subfield code="t">Feline viral rhinotracheitis /</marc:subfield>
            <marc:subfield code="r">Charles A. Baldwin --</marc:subfield>
            <marc:subfield code="g">65.</marc:subfield>
            <marc:subfield code="t">Mink enteritis /</marc:subfield>
            <marc:subfield code="r">Colin R. Parrish --</marc:subfield>
            <marc:subfield code="g">66.</marc:subfield>
            <marc:subfield code="t">Other feline coronaviruses /</marc:subfield>
            <marc:subfield code="r">James F. Evermann --</marc:subfield>
            <marc:subfield code="g">67.</marc:subfield>
            <marc:subfield code="t">Panleukopenia /</marc:subfield>
            <marc:subfield code="r">Colin R. Parrish --</marc:subfield>
            <marc:subfield code="g">F.</marc:subfield>
            <marc:subfield code="t">Ovine and Caprine --</marc:subfield>
            <marc:subfield code="g">68.</marc:subfield>
            <marc:subfield code="t">Bluetongue /</marc:subfield>
            <marc:subfield code="r">Bennie I. Osburn --</marc:subfield>
            <marc:subfield code="g">69.</marc:subfield>
            <marc:subfield code="t">Border disease /</marc:subfield>
            <marc:subfield code="r">Bennie I. Osburn --</marc:subfield>
            <marc:subfield code="g">70.</marc:subfield>
            <marc:subfield code="t">Caprine arthritis encephalitis /</marc:subfield>
            <marc:subfield code="r">Donald P. Knowles, Travis C. McGuire and William P. Cheevers
                --</marc:subfield>
            <marc:subfield code="g">71.</marc:subfield>
            <marc:subfield code="t">Contagious ecthyma (Orf) /</marc:subfield>
            <marc:subfield code="r">Vincent N. Tanya --</marc:subfield>
            <marc:subfield code="g">72.</marc:subfield>
            <marc:subfield code="t">Nairobi sheep disease /</marc:subfield>
            <marc:subfield code="r">F. Glyn Davies --</marc:subfield>
            <marc:subfield code="g">73.</marc:subfield>
            <marc:subfield code="t">Ovine progressive pneumonia (Visna/Maedi) /</marc:subfield>
            <marc:subfield code="r">Donald P. Knowles, Travis C. McGuire and William P. Cheevers
                --</marc:subfield>
            <marc:subfield code="g">74.</marc:subfield>
            <marc:subfield code="t">Peste des Petits Ruminants /</marc:subfield>
            <marc:subfield code="r">James A. House --</marc:subfield>
            <marc:subfield code="g">75.</marc:subfield>
            <marc:subfield code="t">Scrapie /</marc:subfield>
            <marc:subfield code="r">Richard F. Marsh --</marc:subfield>
            <marc:subfield code="g">76.</marc:subfield>
            <marc:subfield code="t">Sheep and goat pox /</marc:subfield>
            <marc:subfield code="r">James A. House --</marc:subfield>
            <marc:subfield code="g">G.</marc:subfield>
            <marc:subfield code="t">Porcine --</marc:subfield>
            <marc:subfield code="g">77.</marc:subfield>
            <marc:subfield code="t">African swine fever /</marc:subfield>
            <marc:subfield code="r">Charles A. Mebus --</marc:subfield>
            <marc:subfield code="g">78.</marc:subfield>
            <marc:subfield code="t">Enteroviruses /</marc:subfield>
            <marc:subfield code="r">J. Brian Derbyshire --</marc:subfield>
            <marc:subfield code="g">79.</marc:subfield>
            <marc:subfield code="t">Hemagglutinating encephalomyelitis virus /</marc:subfield>
            <marc:subfield code="r">William L. Mengeling</marc:subfield>
        </marc:datafield>
        <marc:datafield tag="505" ind1="8" ind2="0">
            <marc:subfield code="g">80.</marc:subfield>
            <marc:subfield code="t">Hog cholera (swine fever) /</marc:subfield>
            <marc:subfield code="r">Gene A. Erickson --</marc:subfield>
            <marc:subfield code="g">81.</marc:subfield>
            <marc:subfield code="t">Influenza /</marc:subfield>
            <marc:subfield code="r">Bernard C. Easterday --</marc:subfield>
            <marc:subfield code="g">82.</marc:subfield>
            <marc:subfield code="t">Parvovirus /</marc:subfield>
            <marc:subfield code="r">Prem S. Paul and William L. Mengeling --</marc:subfield>
            <marc:subfield code="g">83.</marc:subfield>
            <marc:subfield code="t">Pseudorabies /</marc:subfield>
            <marc:subfield code="r">Charles L. Kanitz --</marc:subfield>
            <marc:subfield code="g">84.</marc:subfield>
            <marc:subfield code="t">Rotavirus /</marc:subfield>
            <marc:subfield code="r">Linda J. Saif and Blair I. Rosen --</marc:subfield>
            <marc:subfield code="g">85.</marc:subfield>
            <marc:subfield code="t">Swine vesicular disease /</marc:subfield>
            <marc:subfield code="r">Jerry J. Callis and Douglas A. Gregg --</marc:subfield>
            <marc:subfield code="g">86.</marc:subfield>
            <marc:subfield code="t">Transmissible gastroenteritis, porcine respiratory coronavirus
                and porcine epidemic diarrhea /</marc:subfield>
            <marc:subfield code="r">Maurice B. Pensaert --</marc:subfield>
            <marc:subfield code="g">87.</marc:subfield>
            <marc:subfield code="t">Vesicular exanthema virus and other marine caliciviruses
                /</marc:subfield>
            <marc:subfield code="r">Alvin W. Smith --</marc:subfield>
            <marc:subfield code="g">H.</marc:subfield>
            <marc:subfield code="t">Wildlife and Exotic Pets --</marc:subfield>
            <marc:subfield code="g">88.</marc:subfield>
            <marc:subfield code="t">Captive and free-living wildlife and exotic pets
                /</marc:subfield>
            <marc:subfield code="r">Werner P. Heuschele.</marc:subfield>
        </marc:datafield>
        <marc:datafield tag="591" ind1=" " ind2=" ">
            <marc:subfield code="b">NAL Reclamation</marc:subfield>
        </marc:datafield>
        <marc:datafield tag="650" ind1=" " ind2="0">
            <marc:subfield code="a">Veterinary diagnostic virology.</marc:subfield>
            <marc:subfield code="0"
                >http://id.loc.gov/authorities/subjects/sh90003872</marc:subfield>
        </marc:datafield>
        <marc:datafield tag="650" ind1=" " ind2="2">
            <marc:subfield code="a">Animals, Domestic</marc:subfield>
        </marc:datafield>
        <marc:datafield tag="650" ind1=" " ind2="2">
            <marc:subfield code="a">Clinical Laboratory Techniques</marc:subfield>
            <marc:subfield code="x">veterinary</marc:subfield>
        </marc:datafield>
        <marc:datafield tag="650" ind1=" " ind2="2">
            <marc:subfield code="a">Virus Diseases</marc:subfield>
            <marc:subfield code="x">veterinary</marc:subfield>
        </marc:datafield>
        <marc:datafield tag="776" ind1="0" ind2="8">
            <marc:subfield code="i">Online version:</marc:subfield>
            <marc:subfield code="t">Veterinary diagnostic virology.</marc:subfield>
            <marc:subfield code="d">St. Louis : Mosby Year Book, ©1992</marc:subfield>
            <marc:subfield code="w">(OCoLC)604350721</marc:subfield>
        </marc:datafield>
        <marc:datafield tag="912" ind1=" " ind2=" ">
            <marc:subfield code="a">nalcatalog</marc:subfield>
        </marc:datafield>
        <marc:datafield tag="930" ind1=" " ind2=" ">
            <marc:subfield code="a">00000000</marc:subfield>
            <marc:subfield code="b">19940225</marc:subfield>
            <marc:subfield code="c">00000000</marc:subfield>
        </marc:datafield>
        <marc:datafield tag="938" ind1=" " ind2=" ">
            <marc:subfield code="a">Baker &amp; Taylor</marc:subfield>
            <marc:subfield code="b">BKTY</marc:subfield>
            <marc:subfield code="c">48.95</marc:subfield>
            <marc:subfield code="d">48.95</marc:subfield>
            <marc:subfield code="i">0801663962</marc:subfield>
            <marc:subfield code="n">0001870605</marc:subfield>
            <marc:subfield code="s">active</marc:subfield>
        </marc:datafield>
        <marc:datafield tag="938" ind1=" " ind2=" ">
            <marc:subfield code="a">Brodart</marc:subfield>
            <marc:subfield code="b">BROD</marc:subfield>
            <marc:subfield code="n">45877092</marc:subfield>
            <marc:subfield code="c">$42.95</marc:subfield>
        </marc:datafield>
        <marc:datafield tag="938" ind1=" " ind2=" ">
            <marc:subfield code="a">Baker and Taylor</marc:subfield>
            <marc:subfield code="b">BTCP</marc:subfield>
            <marc:subfield code="n">90012964</marc:subfield>
        </marc:datafield>
        <marc:datafield tag="938" ind1=" " ind2=" ">
            <marc:subfield code="a">YBP Library Services</marc:subfield>
            <marc:subfield code="b">YANK</marc:subfield>
            <marc:subfield code="n">646533</marc:subfield>
        </marc:datafield>
        <marc:datafield tag="945" ind1=" " ind2=" ">
            <marc:subfield code="d">AR</marc:subfield>
            <marc:subfield code="e">92/04/07</marc:subfield>
            <marc:subfield code="f">AR</marc:subfield>
            <marc:subfield code="g">92/04/07</marc:subfield>
        </marc:datafield>
        <marc:datafield tag="946" ind1=" " ind2=" ">
            <marc:subfield code="a">Other US</marc:subfield>
        </marc:datafield>
        <marc:datafield tag="994" ind1=" " ind2=" ">
            <marc:subfield code="a">92</marc:subfield>
            <marc:subfield code="b">AGL</marc:subfield>
        </marc:datafield>
    </marc:record>